2350 3967
317 466 509 531 LIBER
547 463 639 534 ῙἨ.
751 480 812 544 ἀτ

142 585 219 632 mare
240 567 430 647 pertinebat,
457 567 587 630 Craterus
607 588 637 630 et
654 569 824 632 Parmenio·

142 664 220 710 erant
242 670 253 722 ;
272 649 322 708 sed
345 646 479 709 Craterus
500 647 685 710 Parmenioni
710 667 811 729 parere

141 727 238 806 jussus.
257 727 376 804 Equites
393 731 429 788 ab
444 745 565 804 utroque
587 749 677 790 cornu
699 731 812 810 locati.u

142 806 270 868 dextrum
293 808 467 866 Macedones
483 807 627 866 Thessalis
645 809 780 888 adjunctis
794 835 810 878 ‚¹

142 886 245 948 lerum
286 885 519 964 Peloponnenses
548 890 707 950 tuebantur.
730 892 811 949 Ante

143 963 215 1026 hanc
229 965 325 1026 aciem
337 984 469 1042 posuerat
481 965 655 1027 funditorum
666 989 809 1038 manum,

142 1045 292 1124 sagittariis
322 1045 466 1106 admixtis.
488 1043 611 1108 Thraces
638 1068 752 1125 quoque
778 1061 809 1107 et

143 1123 293 1184 Cretenses
304 1141 370 1183 ante
382 1143 485 1204 agmen
494 1125 571 1184 ibant
582 1166 593 1191 ,
605 1143 634 1186 et
644 1127 695 1202 ipsi
706 1127 811 1188 ieviter

142 1203 253 1265 armati.
272 1202 315 1262 Ar
330 1205 382 1271 iis,
401 1203 449 1280 qui
466 1203 598 1280 premissi
615 1228 632 1264 a
652 1205 746 1266 Dario
761 1206 814 1284 ju·

140 1303 209 1364 gum
220 1283 330 1342 montis
340 1283 515 1350 insederant,
525 1285 666 1362 Agrianos
676 1284 810 1362 opposuit

142 1383 177 1422 ex
189 1361 306 1422 Graecia
316 1381 405 1440 nuper
415 1361 558 1424 aduectos.
568 1363 751 1424 Parmenioni
757 1382 810 1424 au·

140 1458 199 1502 tern
217 1459 390 1519 praeceperat
404 1459 434 1498 ut
445 1459 572 1520 quantum
583 1462 694 1521 posset,
710 1460 819 1522 agmon-

139 1519 176 1580 ad
197 1539 275 1580 mare
295 1520 483 1592 extenderet,¹
500 1541 550 1598 quo
571 1519 681 1602 longius
698 1521 810 1582 obesset

139 1599 217 1660 acies
226 1599 382 1670 montibus,
402 1618 468 1678 quos
479 1598 809 1676 occupaverantharbari.

139 1681 180 1740 Ar
193 1679 240 1739 ilii
253 1699 348 1758 neque
364 1681 473 1738 obstate
483 1681 658 1742 venientibus
669 1723 678 1751 ‚
688 1702 741 1743 nec
752 1683 809 1743 εἰς·
852 1702 856 1714 *

138 1759 250 1820 cumite
259 1777 461 1840 pretergressus
470 1759 529 1818 ausi
541 1759 732 1831 3funditorum
743 1783 808 1822 ma·

139 1841 219 1900 xime
227 1858 346 1914 aspectu
358 1837 539 1918 profugerant
548 1841 636 1900 territi
644 1865 654 1902 r
662 1862 751 1919 eaque
762 1861 807 1902 res

138 1935 235 1980 tutum
246 1918 415 1978 Alexandro
430 1918 552 2000 agminis
564 1919 655 1992 latus,
675 1921 751 1996 quod
770 1939 809 1981 ne

137 2017 260 2078 superne
271 1997 456 2058 incesseretur
472 2040 481 2064 ‚
504 1999 635 2058 timuerat
647 2041 658 2067 ‚
670 2000 824 2076 prestitit·-

138 2078 274 2158 Triginta
285 2095 315 2138 et
326 2078 385 2138 duo
394 2095 567 2138 armatorum
581 2079 692 2140 ordines
707 2079 806 2153 ibant3

136 2159 325 2237 nequeenim
341 2153 424 2217 latius
434 2157 547 2216 extendi
558 2157 649 2219 aciem
659 2158 820 2233 patiebar--

136 2253 182 2300 tur
193 2238 345 2319 angustie.
356 2236 497 2296 Paulatim
507 2236 606 2298 deinde
617 2260 646 2298 se
655 2241 753 2300 laxare
767 2241 807 2301 si·
822 2301 826 2307 ,

136 2337 188 2378 nus
208 2317 379 2386 montium,
401 2333 430 2376 er
448 2313 538 2393 majus
559 2319 679 2396 spatium
699 2319 823 2396 aperire

135 2413 307 2476 coeperant3
325 2396 365 2456 ita
375 2412 407 2456 ut
417 2415 475 2454 non
487 2397 673 2472 pedeesoium
684 2399 827 2474 pluribus3

137 2477 236 2538 ordine
254 2475 412 2544 incedere,
432 2475 478 2534 sed
497 2477 583 2536 etiarn
601 2478 734 2539 lateribus
751 2477 829 2542 cir-⁴³
896 2485 898 2488 '

134 2557 283 2618 cumfundi
293 2573 390 2634 posset
399 2553 547 2630 equitatus.

171 2637 225 2696 Cn
236 2657 265 2698 r.
278 2636 322 2699 X.
335 2635 406 2702 Jam
425 2634 458 2692 in
468 2651 642 2713 conspectu,
660 2633 709 2694 sed
728 2649 829 2698 extre-

133 2715 184 2776 teli
196 2717 327 2794 jactum,
345 2713 632 2790 utraqueacieserat‚
648 2735 715 2775 cum
728 2717 810 2791 prio·

136 2813 179 2853 res
197 2797 286 2858 Persae
304 2793 489 2856 inconditum
501 2812 530 2854 er
547 2811 657 2853 trucem
675 2795 811 2856 sustulere

139 2866 303 2955 clariorem,
313 2873 460 2954 Redditur
468 2889 521 2938 tta
532 2872 812 2950 Macedonibus-may
