2350 3967
395 426 667 508 LIBER'V.
811 455 870 515 269

190 544 275 625 quit,
288 560 319 606 et
326 540 418 625 pluris
427 542 645 623 qualemcumque
655 542 742 606 viram
754 540 871 605 honesta

192 642 283 685 morse
304 621 511 685 estimantibus
526 662 539 694 ‚
555 621 672 699 furtum
690 622 834 703 junxisset
853 641 870 695 ‚·

193 718 317 764 tanmem
326 702 441 782 potius,
462 722 542 781 quom
547 701 660 779 frustm
673 701 754 765 verba
768 722 876 763 consu-.

193 800 309 846 merem.
325 779 384 845 Sed
396 782 503 873 tnoq'ore
515 818 530 851 ‚-
546 801 628 861 quam
638 779 759 851 uellem,
781 780 868 841 dosu-
895 800 899 807 ¹

194 880 309 932 mento,
330 879 360 923 et
373 877 659 931 utmoremrestram,
676 858 803 1000 etfdem
815 881 870 923 roe·
913 926 918 937 ,

188 952 289 1023 pertus
306 959 323 1013 .‚·
354 940 446 1021 magis
470 937 554 1000 eriora
574 938 681 1003 connisi
721 938 812 1009 eleo,
837 956 869 1001 ut

193 1018 298 1101 dignus
309 1018 414 1079 talibus
426 1018 525 1079 amisis
535 1018 612 1091 sim,
629 1036 708 1100 quam
723 1016 866 1092 dubitare,
879 1085 883 1093 ,

192 1120 229 1159 an
240 1098 331 1162 uestri
346 1096 456 1159 similes
467 1094 644 1163 odlnt'sitis.
663 1095 711 1161 Ere
723 1116 764 1160 tot
777 1096 867 1159 milli·

191 1177 265 1250 lur‚
284 1198 348 1258 quoe
359 1176 409 1238 sul
420 1176 653 1257 imperiosuerunt
665 1196 747 1247 meo,
764 1176 808 1237 lis
823 1197 867 1239 me

191 1256 317 1325 rictum,
329 1254 374 1317 lis
378 1255 536 1347 fugientem
542 1254 681 1337 perseeuti
691 1255 772 1318 estis.
781 1252 868 1318 Fides

191 1354 286 1399 restro
299 1352 518 1405 monstrantia,
532 1354 564 1396 ut
572 1354 665 1416 regern
677 1354 719 1395 me
731 1354 793 1395 esse
804 1354 869 1397 ere·

175 1414 254 1477 dam
266 1458 278 1486 ‚
291 1413 382 1491 facit.
393 1411 553 1475 Proditores
566 1433 594 1476 er
608 1412 764 1495 transfuga
777 1412 806 1475 in
820 1434 867 1475 ur·

190 1494 271 1555 libus
288 1494 361 1555 meis
378 1510 516 1632 regant:
528 1514 583 1555 non
600 1490 709 1555 hercule
724 1492 769 1571 qui
789 1511 866 1555 tonso

190 1570 293 1635 lunare
303 1572 386 1653 digni
434 1572 548 1633 leantur
555 1594 568 1645 ;
581 1572 632 1633 sed
644 1593 672 1633 ut
682 1571 805 1653 qroemiis
818 1592 865 1633 eo·-

189 1666 246 1715 rum
257 1653 352 1715 vestri
361 1650 545 1713 sollicitentur
555 1652 654 1716 animi.
666 1652 761 1715 Meam
773 1668 866 1715 samen

181 1730 330 1809 fortunam
351 1750 430 1811 quom
451 1731 567 1792 uictoris
589 1730 728 1793 maluistis
749 1732 826 1812 sequi
849 1750 866 1805 ,·

188 1810 378 1892 dignissimi,
398 1808 518 1889 quibus,
537 1809 564 1870 si
583 1831 635 1891 ego
656 1832 710 1873 non
728 1812 834 1891 possim
851 1847 863 1881 ,

186 1889 243 1953 Dii
254 1908 307 1972 pro
316 1907 360 1951 me
368 1888 490 1968 gratiam
502 1886 622 1964 referam
634 1906 649 1962 ,⁴
666 1908 693 1950 et
704 1908 745 1949 me
757 1888 866 1949 hercule

185 1968 321 2047 referent.
335 1966 426 2031 Nulla
443 1966 499 2029 erit
516 1985 573 2029 ram
591 1968 675 2029 surdo
688 1966 864 2050 posteritas,

186 2048 266 2111 nulla
277 2047 377 2128 tamin
394 2107 398 2113 ,
411 2044 546 2121 mosoma
556 2067 570 2120 ,·
581 2068 641 2127 quae
651 2070 705 2109 non
717 2046 748 2109 in
760 2044 865 2109 Caelum

185 2150 234 2192 ros
249 2126 358 2189 deliris
374 2068 503 2187 gadibus
510 2124 600 2203 ferar.
616 2125 730 2208 Itaque,
751 2124 867 2187 etiamsi·

183 2206 338 2299 eonsilium
357 2203 462 2296 juga,
484 2226 503 2266 a
524 2226 577 2286 qua
599 2206 711 2269 multum
736 2204 865 2297 ollorrer

183 2305 320 2356 animus,
342 2301 520 2365 agitassem5
540 2298 636 2348 restra
653 2304 744 2347 tamen
759 2303 863 2347 uirtute

177 2362 276 2443 fretus
293 2364 405 2426 obviam
419 2361 508 2424 issem
523 2362 607 2427 ltorti.
620 2361 768 2445 Quousque
788 2364 863 2425 enim

173 2442 317 2525 'inregno
333 2440 471 2514 exulabo,
491 2461 520 2503 et
552 2462 584 2503 er
591 2441 669 2522 fines
683 2440 794 2523 imperii
808 2440 864 2503 mei

176 2522 294 2605 sugium
311 2540 457 2585 externum
469 2539 497 2581 et
507 2462 642 2583 aduenam
652 2540 744 2601 regem
754 2522 777 2582 i.
791 2518 871 2587 com?

183 2602 270 2664 liceat
285 2618 401 2683 experto
420 2599 486 2661 belli
490 2598 653 2677 fortunam,
671 2616 722 2662 aut
734 2620 863 2692 reponare
891 2634 896 2643 ·

182 2700 242 2760 qua
254 2681 341 2742 amisi
348 2698 423 2754 qaut
430 2678 546 2741 leonesta
557 2698 642 2741 morte
652 2678 777 2759 defungi.
786 2679 860 2742 Nisi

175 2760 251 2837 forte
262 2759 412 2836 satiqsest
421 2775 567 2839 expectare
578 2758 692 2820 victoris
703 2758 860 2831 arbitrium

182 2838 332 2923 etMaqao'
352 2856 382 2903 et
396 2836 552 2901 Mirlzrenis
572 2836 695 2922 extmplo
707 2841 869 2919 precarium

685 2940 761 3019 Ziij
