2350 3967
305 463 378 541 ·n⁸
499 443 821 532 acuatu

319 573 407 638 quam
424 555 552 618 condent.
569 554 702 612 Mantum
721 563 833 622 semper
847 543 1003 606 intonsum

314 661 384 700 ‘csta
399 639 536 713 reliquam
547 633 605 694 oris
620 649 718 692 cutem
734 628 768 686 ad
780 625 907 702 speciem
920 627 1002 686 levi·

319 722 384 780 tatis
405 734 563 792 cxaequant.
597 713 710 791 Regum
733 725 831 766 tamen
852 707 1001 771 luxuria,

319 818 407 876 quarn
418 797 471 874 ipsi
482 791 724 874 magnificentiam
733 786 901 864 appellant,
915 805 1003 861 supra

321 878 455 938 omnium
473 876 602 955 gentium
619 871 698 932 uitia.
719 867 796 926 Cum
813 885 864 924 rex
883 865 1001 924 sanein

320 957 440 1036 publico
449 953 575 1029 conspici
583 951 709 1027 patirur,
727 947 849 1012 turibula
862 961 1002 1024 argentea

323 1037 446 1096 ministri
458 1035 571 1100 ferunt,
593 1046 742 1104 totumque
756 1025 832 1092 iter,
852 1043 905 1101 per
923 1023 1003 1100 quod

322 1115 391 1176 ferri
401 1111 551 1174 destinavit
560 1149 572 1180 ‚
581 1109 716 1188 odoribus
730 1103 1003 1181 complent-Aurea

321 1195 426 1256 lectica
436 1191 593 1272 margaritis
605 1183 901 1263 circumpendentibus
912 1201 999 1242 recu-

324 1277 374 1334 bat
386 1299 393 1335 :
405 1274 534 1334 distincta
546 1287 609 1331 sunt
618 1286 688 1330 auro
698 1283 726 1326 et
736 1283 858 1341 purpura
870 1264 1001 1329 carbasa,

324 1376 388 1432 quae
397 1355 508 1414 indutus
517 1368 558 1410 est
570 1347 719 1410 :lecticam
730 1361 888 1422 sequuntur
899 1341 1003 1402 armati

325 1433 509 1510 corporisque
519 1429 666 1491 custodes:
678 1425 750 1486 inter
757 1444 828 1501 quos
837 1422 924 1482 tamis
933 1440 1000 1482 aves

325 1514 469 1592 pendent,
482 1508 642 1588 quascantu
654 1502 731 1566 seriis
741 1507 822 1564 rebus
835 1504 1000 1578 obstrepere

326 1594 495 1671 docuerunt.
507 1588 595 1669 Regia
603 1603 712 1648 auratas
726 1583 878 1644 columnas
894 1580 999 1642 habet:

325 1670 603 1732 'totaseasvitisauro
611 1665 707 1727 calata
714 1663 870 1740 percurrit,
886 1661 1000 1723 avium-

325 1771 403 1828 que,
420 1769 541 1828 quarum
560 1745 621 1808 visu
641 1743 766 1804 maxime
786 1741 935 1822 gaudent,
955 1760 1000 1800 an·

324 1847 434 1912 gentcae
460 1822 566 1908 effigies
589 1844 678 1902 opera
699 1807 885 1901 distinguuirt.
908 1821 999 1901 Regia

321 1909 488 1972 adeuntibus
505 1920 602 1984 patet,
622 1923 687 1965 cum
703 1901 839 1980 capillum
850 1900 941 1978 pectit
957 1917 1000 1962 at·

323 2010 380 2067 que
403 2005 485 2050 ornat
501 2009 511 2059 ς
535 2004 603 2045 tunc
624 1983 757 2060 responsa
776 1981 998 2060 legationibus,

229 2109 240 2129 -.
323 2087 393 2130 tunc
402 2068 462 2145 jura
473 2065 655 2143 popularibus
666 2061 764 2122 reddit.
776 2059 892 2121 Demris
903 2059 999 2128 soleis,

326 2147 459 2217 odoribus
476 2146 625 2227 illinuntur
642 2142 737 2220 pedes.
756 2139 886 2200 Venatus
903 2137 998 2209 maxie-

324 2247 388 2286 mus
409 2226 576 2291 laborem,
599 2224 707 2282 inclusa
728 2217 839 2284 vivario
862 2218 999 2280 animalia

323 2305 400 2365 inter
419 2321 487 2364 vota
503 2307 656 2381 cantusque
674 2301 810 2379 pellicum
826 2297 927 2380 figere.
950 2297 998 2358 Bi-

324 2381 397 2446 ndm
407 2383 568 2444 cubitorum
578 2383 754 2461 sagittarunt
765 2419 775 2445 ,
786 2377 998 2455 massinissae

324 2465 438 2544 majore
451 2464 519 2523 nixu
530 2483 617 2539 quam
626 2460 737 2521 effectu.
751 2457 872 2536 'Quippe
886 2459 996 2525 telum,

327 2543 408 2624 cujus
425 2543 455 2603 in
474 2542 589 2605 levitate
609 2542 651 2602 vis
673 2537 766 2600 omnis
786 2555 849 2607 est,
879 2535 997 2609 inhabili

327 2623 454 2702 pondere
476 2637 620 2682 oneratur.
642 2619 777 2680 Breviora
795 2615 902 2679 ,itinera
923 2635 997 2693 equo

328 2703 446 2764 'conficit
462 2725 471 2761 s
491 2702 607 2783 longior
623 2700 671 2760 ubi
687 2697 830 2774 expeditio
849 2715 915 2770 est,
937 2695 995 2756 cle·

256 2809 258 2813 ·
326 2780 426 2867 phanti
436 2780 543 2841 vehunt
552 2800 665 2852 currum
676 2800 685 2848 3
698 2797 727 2838 et
736 2795 880 2854 tantarum
890 2776 997 2846 bellua,-

325 2880 392 2924 mm
407 2880 528 2940 corpora
544 2877 607 2922 tota
625 2861 782 2940 contegunt
799 2877 885 2923 auro.
900 2855 950 2919 Ac
963 2871 998 2916 ue
