2350 3967
306 483 500 554 tinen
540 492 664 556 vrtr.
763 519 820 577 ⁴43

123 609 264 656 montes
272 594 473 674 confugerant.
481 593 559 675 Ergo
568 596 696 656 Acadera
707 600 804 656 transit
813 637 825 665 ‚

126 696 224 753 aeque
249 691 315 734 usta
339 691 368 733 et
386 674 516 734 destituta
535 676 724 735 incolentium
744 677 825 756 fuga.

127 755 249 831 ltaque
269 752 413 813 rationem
433 753 502 814 beili
522 755 671 815 necessitas
691 759 824 819 mutavit.

126 827 258 895 Divisis
280 833 360 893 enirn
385 834 477 910 'copiis
499 835 624 910 pluribus
646 836 729 894 simul
750 837 822 896 locis

127 934 229 973 arma
238 913 382 984 ostendit3
397 914 577 992 oppressique
585 947 603 981 ,·
612 933 640 974 et
650 915 698 991 qui
708 933 823 991 exspec-

126 1009 280 1054 tauerant
302 989 435 1065 hostem,
459 995 540 1053 omni
561 994 643 1056 clade
668 993 823 1072 perdomiti

130 1087 225 1132 sunt.
239 1069 411 1133 Ptolemaeus
421 1073 556 1150 plurimas
567 1074 669 1148 urbest
688 1073 819 1135 Alexan-

131 1151 454 1231 dermaximascepitt
468 1171 633 1230 rursusque,
652 1153 821 1231 quasdistri·

132 1234 251 1292 buerat
262 1273 275 1301 ,
297 1229 396 1308 copias
421 1231 535 1306 iunxit.»
554 1231 692 1309 Superato
720 1233 820 1293 deinde

129 1309 286 1388 Choaspe
302 1329 389 1370 amne
404 1309 518 1372 Coenon
532 1311 563 1371 in
580 1308 729 1373 obsidione
747 1313 823 1372 urbis

134 1393 318 1469 opulentat,
338 1390 469 1451 Beziram
484 1390 586 1452 incola
603 1409 730 1462 vocant,
749 1392 821 1451 reli-

133 1473 219 1548 quit.
237 1472 300 1549 Ipse
312 1468 350 1530 ad
366 1471 501 1550 Mazagas
514 1472 603 1532 venit.
620 1471 722 1551 Nuper
734 1471 823 1532 Assa·

116 1572 244 1618 «cano,
266 1548 348 1620 cuius
369 1568 490 1630 regnum
507 1550 618 1620 fuerat,
643 1552 794 1612 demortuo
809 1571 820 1624 ς

134 1631 261 1712 regioni
279 1630 398 1704 urbique
415 1648 530 1707 praeerat
544 1649 636 1691 mater
653 1631 713 1708 ejus
731 1629 824 1692 Cleo·

134 1710 229 1787 phes.
260 1708 393 1787 Triginta
412 1709 504 1770 millia
523 1712 651 1786 peditum
672 1713 822 1774 tuebantur
864 1719 870 1730 ’

133 1793 271 1857 urbem,
292 1807 351 1847 non
369 1789 422 1849 situ
435 1789 549 1859 solum,
567 1789 614 1850 sed
628 1791 714 1852 etiam
734 1810 820 1869 opere

131 1870 302 1931 munitam.
329 1867 407 1927 Nam
429 1889 484 1946 qua
506 1889 611 1947 spectat
635 1871 787 1931 Orientem
809 1909 820 1939 ,

136 1948 822 2030 cingituramnctotrenti,quipraeruptisutrim·

135 2028 289 2106 que-ripis
310 2027 417 2087 aditum
441 2027 475 2087 ad
495 2031 596 2088 urbem
616 2027 744 2106 impedit.
775 2027 822 2088 Ad

136 2109 361 2175 Occidentem,
379 2126 435 2168 eta
449 2107 568 2168 Meridie
584 2109 663 2169 velut
673 2108 707 2168 de
724 2106 821 2168 indus-

125 2190 197 2249 tria
219 2206 306 2264 rupes
326 2188 452 2263 praealtas
473 2188 610 2248 admolita
629 2205 727 2248 natura
748 2204 820 2259 est,

135 2268 218 2329 infra
227 2288 299 2345 quas
314 2287 441 2327 cavetnae
458 2284 487 2325 et
503 2267 654 2348 voragines
668 2269 755 2349 longa
769 2289 823 2330 ve-

135 2351 248 2410 ’tust'at'e
264 2345 294 2405 in
304 2347 394 2407 altum
404 2365 510 2407 cavata
520 2348 614 2425 jacent
624 2369 633 2407 t
644 2369 754 2424 quaque
768 2348 820 2410 de·

127 2431 266 2496 ¹sinunt,
290 2426 365 2485 fossa
383 2427 505 2504 ingentis
521 2428 616 2503 operis
635 2426 746 2502 objecta
767 2440 821 2506 est·
902 2455 906 2462 ’

136 2527 252 2570 xxxv
264 2505 351 2565 stadia
369 2526 469 2565 mutus
479 2509 578 2566 urbem
597 2505 819 2582 complectitur,

136 2586 225 2665 cuius
234 2585 372 2646 inferiora
382 2606 471 2652 saxo,
484 2588 626 2662 superiora
636 2585 722 2646 crudo
732 2587 822 2647 latere

135 2683 208 2728 sunt
217 2681 335 2726 structa.
353 2662 447 2723 Lateri
459 2666 606 2724 vinculum
617 2665 722 2742 lapides
734 2676 820 2736 sunt'‚

134 2767 215 2825 quos
225 2745 441 2821 interposuere,
457 2761 488 2804 ut
504 2745 610 2805 duriori
624 2747 748 2806 materiae
760 2747 820 2808 fra·

161 2826 207 2884 ‘lis
224 2824 588 2902 incumberemsimuique
605 2823 819 2888 retrahamus

156 2905 163 2917 '
177 2921 240 2971 uta.
251 2901 302 2967 Ne
315 2920 412 2966 tamen
421 2904 552 2970 universa
562 2904 719 2968 consideret
731 2945 744 2977 ,
757 2905 817 2975 inte
