2350 3967
306 467 499 540 LIBER
537 473 664 544 v111.·
759 497 823 554 ω

124 576 281 640 bmnium
302 577 414 642 devotis
430 577 592 656 capitibus,
615 579 664 659 qui
686 581 823 662 sanguine

128 661 338 738 contigissent
351 677 413 720 eos.
429 658 492 720 Rex
509 657 648 720 introduci
665 661 823 740 conjuratos

131 756 249 819 preter
266 733 460 798 Callisthenen
476 738 564 816 jussit.
577 741 673 817 Atque
686 761 746 817 que
762 740 824 820 sgi-

134 834 307 886 tarentini,
326 817 386 878 siue
406 817 589 878 cunctatione
609 819 823 880 confessisunt.

135 896 366 974 Increpantibus
385 896 488 957 deinde
508 897 646 960 universis
666 917 716 959 eos
732 919 742 971 3
764 899 822 976 ipse

135 997 223 1045 rex,
242 996 295 1055 quo
309 995 360 1036 stro
373 973 470 1035 rneriro
482 991 589 1035 tanturn
606 977 636 1037 in
647 993 735 1039 reniet
745 976 826 1058 cogi·-

136 1052 383 1132 tnssentfnrinus
396 1056 412 1115 ,ἲ
427 1054 593 1136 interrogat.

186 1135 268 1196 Ces.
282 1134 355 1197 Vn.
365 1135 546 1212 Stupentibus
557 1134 675 1206 ceteris,
691 1135 821 1198 Hermo-¹

137 1215 230 1278 laiise
256 1212 421 1285 Nesseis,
440 1215 555 1290 inquit,
571 1215 722 1292 quoniam,
742 1212 822 1303 pueri

137 1293 285 1362 nescios,
309 1292 439 1373 pueris3
461 1291 607 1353 occidendi
629 1310 656 1352 re
677 1292 825 1355 consilium

136 1373 306 1440 inivimus,
330 1370 466 1448 quianon
485 1389 516 1432 ur
533 1371 665 1453 ingenuis
686 1371 826 1464 inperare

136 1451 277 1546 coepisti,
296 1449 348 1510 sed
363 1450 443 1529 quasi
456 1450 485 1510 in
503 1450 643 1532 mancipia
658 1449 829 1514 dominaris,

135 1533 260 1593 Primus
280 1551 320 1590 ex
341 1531 475 1591 omnibus
496 1550 578 1609 patet
601 1531 685 1608 ipsius
708 1529 824 1610 Sopolis

133 1609 316 1693 parricidam
341 1609 426 1669 etiarn
448 1611 579 1688 parentis
605 1609 649 1669 sui
674 1613 824 1673 clamitans

137 1712 229 1760 esse,
251 1709 356 1752 consur
375 1689 418 1762 it3
442 1690 518 1759 etad
534 1711 566 1750 os
583 1709 671 1751 manu
686 1692 822 1772 objecta,

138 1767 256 1832 scelere
273 1787 302 1829 er
318 1709 401 1828 uirilis
419 1766 627 1838 insanientem,
649 1767 720 1830 nlrrn
737 1785 823 1850 negat

137 1847 324 1911 audiendum.
337 1844 402 1909 Rex
415 1846 537 1908 inhibito
551 1867 632 1926 patre
646 1847 736 1909 dicere
748 1849 823 1909 Her·

100 2005 104 2009 ¹
138 1927 266 1990 noiatim
282 1928 382 2006 jubet,
400 1945 509 2004 quaeex
521 1927 657 2006 magistro
674 1925 823 1987 didicisset

138 2006 334 2086 Callisthene.
347 2005 384 2066 Et
393 2005 591 2079 Hermolaiis3
605 2005 696 2077 Utor,
709 2007 800 2084 inquit
810 2047 823 2074 ,

137 2083 359 2165 depellentes,
379 2102 407 2145 et
417 2084 481 2144 diro
490 2105 551 2165 pira
564 2083 669 2145 nostris
683 2084 765 2146 malis
777 2084 823 2144 di·

137 2167 211 2228 dici.
228 2162 328 2246 Quota
360 2183 410 2244 ers
426 2163 613 2225 Macedonum
630 2165 750 2226 sevitie
769 2181 823 2226 run

136 2247 301 2328 superest?
324 2183 548 2324 Qvuotusquisque
570 2265 626 2318 non
647 2263 663 2304 e
683 2242 826 2306 vilissimo·

136 2325 281 2406 sanguine
293 2325 316 2384 ἓ·
331 2321 464 2393 Attalus,
483 2340 511 2384 er
525 2321 656 2383 Plriloras
671 2366 682 2392 ‚
702 2341 730 2384 er
747 2321 822 2384 Par-

137 2405 254 2475 menio,
270 2402 459 2484 etLyncesrer
468 2400 653 2470 Alexander,
669 2419 696 2461 er
708 2400 823 2472 Clitus,

137 2502 273 2575 quantum
284 2482 322 2542 ad
334 2479 428 2542 lrosres
441 2481 582 2571 pertinet,
600 2479 723 2551 vivunt,
744 2496 822 2540 stnnt
852 2513 853 2518 κ
946 2506 955 2514 ‘

137 2583 167 2624 in
181 2583 270 2633 ecre,
294 2581 324 2621 re
342 2559 446 2640 clypeis
460 2579 521 2620 surr
530 2577 680 2640 protegunt
693 2599 703 2629 ,
726 2578 755 2620 er
769 2579 821 2641 pro

135 2643 230 2724 gloria
241 2662 291 2702 rua
303 2682 315 2709 ,
331 2659 382 2720 pro
392 2638 512 2700 victoria
524 2637 640 2700 vulnera
654 2635 798 2718 accipiunt
810 2665 822 2702 r

136 2722 235 2802 quibus
248 2739 280 2781 tn
291 2718 436 2800 egregiam
445 2717 573 2798 gratiam
582 2715 716 2795 retulisti.
736 2717 823 2780 Alius

137 2822 262 2864 iriensem
277 2818 357 2861 trram
369 2796 507 2876 sanguine
520 2817 570 2857 suo
585 2797 707 2878 aspersit
722 2825 732 2858 .·
746 2798 824 2860 nlius

137 2902 171 2944 ne
194 2877 322 2965 simplici
345 2875 457 2958 quidem
480 2894 569 2939 morte
582 2875 742 2954 defunctus
767 2895 827 2946 err.
