2350 3967
311 472 355 526 IN
390 471 424 535 Q.
460 467 668 524 cuntium
696 469 726 525 l.
760 469 783 524 l.
851 481 867 535 7

191 559 281 612 infanti
306 559 460 618 nutritores,
482 575 553 626 atque
573 561 723 627 paedagogi,
746 558 870 614 Leonidas

193 626 355 696 Olympiadis
364 627 515 692 propinquus
525 665 532 686 ,
541 643 566 678 et
573 630 732 694 ‘Lysimachus
739 631 868 681 Acarnan.

191 695 325 761 Philippus
340 693 447 745 nationis
457 696 564 757 eiusdem
574 695 699 754 adiectus,
719 697 759 761 qui
770 699 869 748 valeto-¹·

193 764 277 828 dinem
294 762 364 827 pneti
378 772 474 826 regeret
489 775 496 812 t
515 763 649 813 Hellanicae
660 770 668 823 (
678 763 800 828 Dropidis
814 774 869 815 erat

193 831 262 888 lilia,
279 847 309 880 est
317 827 498 880 illustrioribus
507 828 672 880 Macedonum
686 831 800 892 feminis)
810 849 868 882 eote

193 897 261 964 poris
276 913 303 948 et
317 914 415 947 morum
430 913 497 948 reeta
512 899 628 961 temperie
642 899 750 962 probat-t
763 899 869 952 nutritis

194 983 282 1016 munus
301 965 474 1014 demandatum
490 975 536 1016 est.
553 967 608 1015 Hac
626 981 680 1015 turs
694 983 786 1044 paucos
802 967 868 1018 intra

196 1049 274 1083 annos
286 1031 403 1082 effectum
413 1045 466 1090 est,
484 1045 510 1082 ut
519 1027 564 1094 iam
575 1041 627 1084 rum
638 1031 751 1097 pollrteri
767 1033 867 1084 videre·

195 1115 236 1152 tur
245 1116 302 1150 eutn
313 1113 398 1162 regem
408 1139 416 1160 ,
425 1115 496 1164 quem
506 1101 664 1163 postmodum
676 1101 800 1161 exhibuir3
811 1117 866 1151 nam

195 1183 221 1220 et
230 1166 256 1216 in
271 1163 409 1232 puerilibus
418 1165 533 1216 membris
542 1165 676 1218 indomitus
691 1167 814 1219 eminebit
827 1167 868 1218 vi·

193 1250 261 1302 ἕως
281 1247 307 1283 et
315 1232 410 1284 eximite
423 1231 515 1282 indolis
526 1250 669 1302 argumenta
684 1251 779 1286 statem
790 1237 866 1301 longe

193 1315 373 1368 prevenerant.
389 1300 517 1350 Excellens
530 1301 613 1352 nativa
624 1313 650 1352 et
659 1301 764 1368 gentina
779 1319 868 1353 venus·

193 1381 246 1420 tate
266 1365 404 1432 eorporis,
430 1368 524 1417 tultum
544 1370 737 1434 aspernabatur3
758 1369 866 1421 Ansium

189 1438 283 1503 formet
301 1451 387 1486 curam
401 1434 504 1498 feminis
520 1438 644 1490 convenire
663 1435 798 1495 dictitans,
816 1453 868 1506 qua

194 1504 265 1556 nullo
275 1503 326 1554 alia
336 1503 390 1553 dore
399 1516 464 1566 atque
474 1503 719 1554 commendarentur:
732 1504 755 1555 si
764 1499 867 1557 virtutis

189 1571 269 1640 potiri
287 1569 444 1637 contigisset,
463 1571 524 1620 satis
542 1589 565 1623 re
580 1573 710 1640 speciosum
721 1571 787 1635 fore.
808 1569 868 1622 Fuit

193 1653 348 1687 autemeam
365 1632 531 1696 adolevisset,
547 1638 609 1698 iusta
629 1639 793 1688 membrorum
804 1653 866 1702 pro·

191 1703 313 1770 portione
323 1701 486 1768 conspicuus,
499 1705 598 1756 artubus
607 1703 716 1755 robustis
724 1740 732 1764 ,
740 1705 867 1771 probeque

192 1767 333 1836 compactis
350 1788 356 1820 :
373 1767 400 1820 vi
416 1785 515 1828 tamen,
536 1787 607 1838 quam
625 1771 707 1837 specie
729 1770 839 1822 validior
854 1787 866 1834 3

189 1839 285 1906 'quippe
302 1836 417 1901 corporis
432 1837 483 1897 elus
499 1837 595 1890 habitus
610 1837 675 1890 intra
692 1838 867 1902 proceritatem

191 1905 276 1958 stetit.
296 1907 389 1955 Cutem
409 1902 495 1955 habuit
516 1907 662 1965 candidam,
683 1905 729 1956 nisi
752 1907 818 1972 qood
840 1906 867 1956 in

190 1972 264 2024 malis
274 2010 284 2034 ,
299 1971 407 2036 itemque
416 1987 524 2036 pectore
537 2009 544 2032 ,
556 1988 629 2038 grato
639 1972 729 2023 rubore
742 1973 867 2022 suffunde·

190 2039 264 2092 batur
278 2057 285 2092 ε
302 2037 421 2102 capillum
435 2037 546 2099 llavum,
564 2039 655 2090 leniter
668 2038 788 2090 intortum
802 2059 809 2091 ε
826 2053 868 2090 na·

190 2126 244 2159 suna
263 2105 399 2172 aquilinum
411 2123 417 2155 ε
430 2106 517 2156 oculos
532 2107 630 2166 varios,
647 2123 703 2157 nant
712 2107 785 2157 levus
795 2109 866 2174 glau-

191 2193 234 2226 cus
251 2173 328 2226 fuisse
339 2172 463 2232 traditur,
482 2173 561 2223 altero
571 2171 716 2241 nigerrimo.
732 2179 812 2226 lnerat
823 2193 866 2226 au·

188 2257 240 2294 tem
251 2240 314 2307 ipsis
326 2241 424 2290 occulta
433 2241 537 2306 quaedam
548 2241 600 2301 vis,
612 2259 638 2292 nt
646 2242 697 2292 sine
706 2242 864 2294 veneratione

188 2327 265 2376 atque
281 2310 385 2359 horrore
402 2307 507 2372 quodam
523 2309 668 2360 intuentium
685 2327 735 2360 oon
749 2310 866 2375 adspice-

187 2393 267 2430 retur.
283 2374 435 2426 Pernicitate
450 2377 540 2438 pedum
554 2376 693 2428 admirabili
710 2377 775 2435 fuit3
791 2395 864 2442 quam

187 2463 215 2498 ut
228 2439 362 2509 magnoin
372 2439 568 2505 expeditionibus
579 2444 711 2502 utilitatis,
731 2445 805 2495 etiam
820 2461 864 2496 rex

186 2526 239 2564 non
259 2509 347 2561 omisit
361 2525 488 2571 exercere,
506 2528 614 2578 saepeque
626 2530 682 2565 tum
697 2511 863 2562 velocissimis

186 2595 290 2642 suorum
303 2595 374 2628 cursu
387 2592 480 2626 certare
495 2578 561 2629 visus
572 2595 626 2630 est:
637 2577 755 2642 patientia
769 2579 863 2636 laboris

186 2665 261 2712 supra
276 2645 351 2694 fidem
368 2642 473 2703 eximia;
491 2663 535 2710 qua
550 2655 611 2712 saepe
625 2663 687 2704 una,
705 2645 862 2697 difficillimis

186 2713 364 2778 temporibus,
377 2709 422 2760 sibi
436 2712 630 2781 exercitibusque
639 2713 687 2765 suis
704 2714 806 2767 salutem
820 2731 863 2780 pe·

186 2781 263 2847 perir.
289 2777 513 2830 Exercitationibus
536 2780 646 2840 crebris,
666 2796 692 2831 et
713 2780 861 2834 calidissima

186 2845 304 2914 corporis
312 2846 447 2910 temperie,
458 2845 520 2897 adeo
530 2847 648 2914 quidquid
658 2846 861 2900 vitiosihumoris

186 2917 231 2969 sub
252 2930 312 2968 cute
327 2913 416 2982 colligi
431 2914 515 2974 solet,
533 2916 682 2984 expugnavit
682 2951 709 3035 A
719 2931 746 2995 qt
760 2933 859 2969 suavem

229 3014 231 3020 .
725 3002 753 3036 rx
