2350 3967
355 469 418 548 tt,
538 449 580 547 o.
621 461 867 531 cunnrr

361 573 434 643 bus,
456 569 617 650 prefectum
638 589 737 630 eorum
760 565 864 627 occulte
887 562 1039 629 circumire

361 665 468 731 tergunt
478 667 587 708 suorum
600 647 696 721 jubet,
718 645 954 724 Parmenionique
969 648 1038 706 cori·

356 729 461 810 jungi,
479 744 506 786 ec
516 725 622 806 quodie
636 727 816 805 imperasset,
834 723 953 805 impigre
967 747 1037 788 exe·

361 807 418 888 qui.
436 807 557 883 Jamque
574 806 626 884 ipsi
637 807 664 864 in
678 806 807 865 medium¹
815 805 966 864 Persarum
978 821 1035 867 nrt·

361 890 445 966 dique
457 885 615 947 circumfusi
631 885 744 964 egregie
757 903 785 944 se
799 887 970 956 tuebantur3
985 886 1035 946 sed

362 965 500 1032 conserti,
517 982 544 1024 et
556 965 633 1040 quasi
650 963 837 1032 conterentes,
850 964 906 1023 tela
921 965 1035 1028 vibrare

362 1066 423 1106 non
438 1057 568 1124 poterant
579 1043 685 1104 :simul
696 1060 774 1102 erant
785 1043 884 1103 emissa
893 1083 904 1110 ,
921 1043 952 1102 in
966 1065 1034 1104 eos-

361 1126 427 1186 dem
443 1123 639 1185 concurrentia
656 1123 894 1199 implicabantur,
916 1123 1035 1201 levique

362 1223 392 1266 ct
408 1225 484 1266 vano
503 1201 560 1262 ictu
581 1224 670 1280 pauca
693 1203 722 1261 in
741 1200 855 1261 hostern‘
865 1242 874 1268 ,
902 1203 983 1279 plura
1003 1204 1035 1262 in

361 1283 482 1344 humum
505 1283 623 1341 innoxia
641 1281 785 1342 cadebant.
805 1281 883 1360 Ergo
900 1283 1037 1341 cominus

361 1383 488 1444 pugnam
501 1361 596 1421 coacti
604 1381 750 1421 conserere
761 1401 770 1429 ,
787 1360 897 1440 gladios
909 1361 1033 1440 impigre

363 1445 512 1524 stringunt.
540 1439 621 1499 Tunr
645 1460 714 1501 vero
741 1441 864 1499 multum
889 1441 1036 1520 sanguinis

361 1521 455 1582 susum
473 1539 523 1579 est.
544 1517 616 1580 Duae
632 1520 735 1596 qnippe
755 1519 829 1578 acies
844 1519 881 1580 ita
903 1521 1036 1580 cohaere'-

295 1651 298 1659 .
363 1599 451 1667 bant,
469 1617 500 1658 ut
514 1599 598 1657 armis
611 1617 688 1657 arma
701 1599 865 1674 ptrlsarent3
881 1607 1037 1660 mucrones

362 1682 392 1740 in
404 1699 452 1739 ora
466 1677 626 1758 dirigerent.
640 1676 709 1736 Non
719 1678 835 1747 timido,
851 1695 912 1736 nort
923 1679 1034 1760 ignavo

363 1777 469 1839 cessare
481 1776 541 1816 tum
552 1755 632 1816 licuit
643 1780 651 1816 r
663 1758 770 1816 collato
781 1758 868 1834 pede,
885 1759 963 1834 quasi
976 1759 1036 1817 sin·

360 1838 423 1917 guli
439 1837 512 1896 inter
530 1855 558 1894 se
574 1835 761 1903 dimicarent,
782 1837 810 1894 in
825 1836 927 1896 eodem
943 1838 1036 1898 vesti-

384 1917 411 1976 io
435 1917 564 1984 stabant,
587 1915 679 1975 donec
699 1915 839 1975 vincendo
858 1917 958 1977 locum
980 1917 1040 1978 sibi

360 1939 496 2059 ircerent.
510 1991 590 2054 Tum'·
605 1995 721 2055 demum
736 2015 806 2076 ergo
821 1998 1036 2072 promovebant

360 2077 504 2170 gradum,
527 2095 593 2133 cum
616 2073 727 2134 hostem
747 2093 966 2151 prostraverant.
992 2077 1037 2137 At

360 2157 427 2216 allos
437 2153 870 2232 novusexcipiebatadvcrsarius
880 2156 1040 2238 fatigatos}

360 2255 414 2296 nec
428 2231 565 2294 vulnerati
578 2273 587 2301 ,
602 2237 642 2293 'ut
656 2235 724 2293 alias
737 2234 851 2302 solent,
869 2235 932 2297 acie
946 2254 1032 2312 pote-

360 2330 423 2376 rant
434 2309 586 2383 excedere,
602 2312 908 2375 cumhostisinstarern
917 2315 1035 2383 fronte,

359 2417 377 2454 a
394 2412 474 2472 tergo
489 2389 530 2450 sui
546 2409 688 2472 urgerent.
699 2392 861 2453 Alexander
874 2413 934 2453 non
953 2395 1034 2454 ducis

360 2473 469 2554 magis,
486 2490 571 2546 quam
583 2471 681 2532 militis
691 2491 807 2531 munera
818 2477 1032 2550 exequebatur3

359 2553 490 2630 opimum
502 2549 585 2609 decus
596 2571 671 2610 caeso·
680 2571 745 2630 tege
756 2567 900 2628 expetens.
913 2549 1031 2630 Quippe

360 2631 464 2692 Darius
474 2646 554 2689 curru
568 2628 694 2688 sublimis
703 2631 865 2705 eminebat3
886 2648 916 2690 et
926 2635 983 2692 suis
995 2632 1031 2692 ad

359 2731 391 2768 se
408 2707 561 2775 tuendum,
579 2725 607 2767 et
618 2707 743 2768 hostiBus
760 2710 794 2768 ad
811 2711 1007 2772 incessendum
1019 2749 1034 2780 ι

357 2788 461 2868 'ingens
491 2785 717 2848 incitamentum.
748 2787 825 2870 Ergo
850 2792 937 2850 frater
968 2791 1030 2870 ejus

361 2866 530 2938 Oxathres,
558 2885 625 2928 curn
647 2868 844 2930 Alexandrum
868 2871 974 2929 instare
1001 2867 1032 2928 ei

877 2986 1007 3030 cerneret
1016 3007 1034 3036 ι-
