2350 3967
361 484 424 550 aa
541 474 585 556 Q.
628 456 874 538 currit

362 575 461 655 jussit,
484 595 513 638 er
531 576 568 638 ad
584 597 617 639 se
638 591 745 638 arrnara
762 571 879 653 perduci
900 597 913 634 .-
935 565 1052 637 bbsiries

335 669 339 676 ’
352 656 447 716 'tinini
458 656 623 728 habiturus,
643 673 673 716 er
686 655 802 715 miiites.
814 652 979 715 Craterum
994 677 1048 716 au-

360 733 1048 816 remadpersequendosHaustanenetCatenen,

360 814 410 953 plui
429 819 466 876 ab
484 817 547 894 ipso
569 817 757 881 defecerant,
782 812 865 872 misit
884 835 895 872 ε
917 835 1047 892 quorum

394 913 523 957 austanes
540 915 638 974 eaptus
654 911 716 967 estq
738 892 866 952 Cutenes
887 893 922 952 in
943 893 1045 972 praelio

359 974 482 1037 occisus.
503 975 686 1053 Polypercon
714 991 827 1050 quoque
853 974 1044 1054 regionem,

358 1071 421 1129 quae
431 1053 575 1114 Bubacene
590 1054 769 1133 appellatur,
787 1052 817 1110 in
833 1051 986 1113 ditionem
998 1075 1044 1114 re-

358 1131 447 1214 degit.
465 1135 563 1210 Itaque
581 1133 713 1195 omnibus
731 1132 905 1208 compositis
923 1135 1040 1214 cogita-

357 1209 1039 1294 tionesinbellumindicumverrinDivesregio

358 1288 514 1354 habebatur
530 1313 590 1352 non
612 1313 682 1354 auro
704 1289 818 1359 modu,
840 1291 892 1350 sed
914 1294 1039 1372 gemmis

357 1390 473 1450 quoque
493 1373 730 1454 margaritisque,
755 1368 789 1428 ad
815 1369 923 1430 luxum
947 1372 1038 1451 magis

355 1471 443 1527 quarn
463 1451 497 1512 ad
517 1451 758 1534 magnificentiam
781 1451 912 1510 exculta.
939 1448 1036 1530 Clypei

354 1527 494 1591 militares
505 1550 573 1591 auro
584 1547 611 1590 et
625 1529 705 1590 ebore
716 1525 829 1608 fulgere
840 1528 1015 1590 dicebantur
1026 1553 1035 1592 r

352 1607 450 1686 itaque
475 1629 529 1670 nec
555 1611 605 1670 ubi
627 1609 811 1677 vinceretur,
835 1628 909 1668 cum
936 1610 1036 1670 ceteris

354 1703 515 1764 praestarem
529 1691 612 1749 scutis
624 1705 770 1782 argenteas
786 1687 936 1757 laminas,
957 1689 1034 1766 equis

352 1766 449 1827 frenos
460 1786 561 1828 aureos
571 1768 695 1835 addidit,
710 1767 813 1827 loricas
828 1787 951 1844 quoque
964 1768 1033 1828 alias

352 1865 424 1906 auro
434 1887 446 1915 ‚
461 1847 530 1906 alias
540 1859 659 1928 argento
672 1845 833 1907 adornavit,
846 1866 925 1906 cxx
938 1848 1033 1909 miliia

352 1942 528 1987 armatorum
538 1944 617 1986 erant
628 1967 637 1997 ‚
649 1942 709 2004 quat
720 1945 817 2005 regern
828 1925 863 1986 ad
874 1925 904 1984 id
917 1929 1032 1988 bellurn

351 2008 549 2083 sequebantur.
565 2006 688 2083 Jamque
699 2005 830 2064 omnibus
841 2008 1031 2083 praeparatis,

323 2093 327 2101 '
351 2085 429 2162 quod
440 2085 512 2145 olim
523 2105 610 2166 prava
625 2102 721 2146 mente
737 2103 936 2162 conceperat,
961 2103 1031 2147 tune

350 2181 410 2223 esse
421 2180 588 2234 maturum,
610 2183 724 2245 quonam
737 2160 813 2222 modo
829 2162 962 2224 roedesres
974 2163 1028 2224 lto-

349 2260 430 2314 nores
440 2259 600 2324 usurparet,
616 2246 701 2322 coepit
711 2243 829 2322 agitare.
839 2241 1029 2322 Jouisfiliunt

349 2335 411 2382 non
422 2322 478 2384 dici
493 2338 604 2384 rantum
617 2345 666 2393 se,
684 2323 732 2384 sed
745 2324 833 2383 etiarn
845 2322 923 2383 credi
939 2323 1027 2386 vole·
1090 2369 1091 2374 1

349 2401 423 2472 bat,
452 2387 587 2480 tanquam
612 2403 726 2481 perinde
751 2401 855 2462 animis
880 2403 1025 2480 imperare
1090 2425 1091 2482 q

348 2499 465 2560 posset,
486 2501 520 2543 ac
534 2481 648 2564 linguis.
661 2484 758 2559 Iraque
772 2493 855 2542 more
871 2481 1025 2542 Persarum
1090 2485 1091 2550 i

349 2561 523 2624 Macedonas
545 2561 760 2623 venerabundos
780 2559 877 2636 ipsum
900 2561 1023 2622 salutare
1090 2571 1091 2640 j

346 2658 554 2718 prosternentes
575 2640 655 2700 humi
674 2661 806 2717 corpora.
831 2639 905 2700 Non
927 2640 1024 2702 deerat
1090 2643 1091 2710 i

348 2719 417 2779 talia
443 2719 651 2796 concupiscenti
674 2718 833 2796 perniciosa
858 2719 1021 2789 adulatio,

345 2813 516 2877 perpetuum
529 2800 639 2860 malum
650 2800 784 2880 Regum,
806 2819 934 2872 quorum
953 2819 1021 2874 opes
1090 2801 1091 2826 ³

349 2879 625 2960 taepiusassentat'iu,
639 2876 1025 2959 quainhostisevertiteNet
1090 2943 1091 2946 ,
