2350 3967
349 457 409 534 ’sio
527 441 574 529 Q.
611 439 856 516 cunuti

349 546 583 618 reconciliandam
587 547 711 630 gratiam
723 567 785 608 eum
793 542 961 617 Perdicca,
978 555 1024 608 cut

348 630 435 694 urnis
450 627 608 691 certandum
623 647 686 688 esse
698 630 864 689 censebant.
882 626 974 688 Forte
986 630 1023 689 ira

349 709 511 778 acciderat,
535 725 567 770 ut
580 707 629 787 qui
644 708 675 767 in
690 708 763 788 egris
777 724 881 775 erasm
901 709 1023 785 populn-

347 791 457 852 tionem
473 787 608 851 villanrm
621 787 808 924 iieommgue
822 787 933 855 veriti,
952 793 1022 846 'con⁴

346 869 478 961 ingerent
497 869 527 927 in
546 870 645 928 urbem
658 889 667 926 r
681 865 750 944 oppi
768 866 839 934 ani,
861 887 933 926 curn
951 865 1023 943 ipsos

348 950 486 1009 alimenta
503 945 677 1014 deficerent,
691 947 767 1005 *urbe
783 945 982 1006 excederent:
996 962 1024 1005 et

347 1026 459 1104 utrique
474 1026 572 1107 generi
590 1025 679 1085 tutior
697 1024 789 1084 aliena
809 1024 917 1094 sedes,
939 1045 1023 1102 quam

348 1123 398 1166 nra
424 1103 576 1166 videretur.
602 1102 738 1182 Quorum
759 1104 1023 1164 consternationem

347 1184 524 1246 Macedones
533 1183 636 1252 veriti,
649 1183 678 1242 in
689 1182 799 1264 regiam
808 1182 921 1244 co'e'unt
930 1205 941 1256 ς
950 1203 1021 1260 qnae-

348 1283 407 1404 {tlte
429 1263 556 1341 ipsorum
580 1261 717 1323 sententia
744 1278 837 1330 esses,
861 1279 1021 1351 exponunt.

1081 1170 1083 1233 i

1081 1240 1083 1289 i

387 1345 485 1403 acebat
501 1359 596 1403 autem
608 1340 714 1421 legatos
724 1339 761 1400 ad
778 1339 888 1418 equites
900 1340 977 1400 mitti
992 1339 1024 1398 de
1081 1354 1082 1409 ᾗ

340 1419 473 1503 finienda
483 1419 640 1490 discordia,
657 1420 794 1498 armisque
803 1417 953 1491 ponendis.
966 1421 1024 1502 lgi-

279 1561 283 1572 ,
351 1517 398 1563 tur
417 1521 433 1562 a
455 1521 521 1582 tege
543 1501 653 1582 legatur
674 1499 758 1559 Pasas
778 1498 968 1568 Thessalus,
998 1515 1025 1558 et
1081 1526 1082 1533 ¹

350 1581 476 1642 Amissus
499 1579 787 1660 Megalopolitanus,
815 1595 845 1638 et
867 1577 1022 1638 Perilaus:

348 1659 399 1738 qui
409 1679 476 1750 curn
487 1660 618 1719 mandata
634 1658 707 1740 regis
717 1658 889 1748 edidissent3
903 1677 962 1748 nort
972 1655 1026 1717 tii·

351 1755 395 1798 ter
410 1755 549 1818 pistrinos
568 1757 644 1798 ormo
665 1753 795 1815 equites,
820 1755 903 1815 quant
922 1756 951 1797 st
975 1755 1028 1797 rest

348 1813 497 1876 discordie
514 1834 640 1876 auctores
655 1813 831 1883 dedidisset,
853 1817 950 1876 tulere
967 1836 1026 1876 res·

349 1913 485 1975 ponsutn.
497 1893 553 1955 His
564 1895 727 1956 renuntiatis
739 1916 787 1956 sna
804 1912 908 1972 sponte
919 1895 1026 1955 milites

349 1996 431 2036 arma
452 1975 591 2052 capiunt,
615 1994 738 2052 quorum
757 1974 883 2035 tumultu
905 1994 923 2034 e
949 1973 1026 2054 regia

348 2052 495 2131 Philippus
506 2055 632 2122 excisus,
644 2050 748 2120 Nihil,
759 2052 850 2129 inquit
861 2092 873 2121 ‚
884 2051 1026 2112 seditione

347 2147 393 2192 est
403 2151 480 2212 opus.
493 2129 570 2192 Nom
583 2131 656 2192 inter
667 2151 698 2190 se
709 2130 874 2190 tenentium
904 2131 1025 2199 scentia,

348 2208 396 2288 qui
409 2208 564 2288 quieverint
575 2253 586 2280 ‚
606 2208 782 2289 occupabunt.
794 2151 1027 2272 Simuimemen·

348 2303 406 2349 tore
426 2307 483 2348 rem
506 2307 568 2348 esre
587 2309 647 2348 cum
672 2287 800 2354 civibus,
820 2288 921 2365 quidus
949 2305 1026 2370 spent

344 2366 450 2448 gratie
462 2366 518 2428 cito
531 2365 688 2447 abrumpere
699 2365 736 2426 od
746 2365 846 2426 beilum
857 2367 946 2428 civile
963 2387 1024 2448 pro-

343 2445 499 2528 perantium
512 2465 565 2525 est.
579 2445 677 2506 Altera
695 2444 885 2524 legationem
901 2446 1025 2527 mitigari

345 2524 478 2606 possint,
498 2525 669 2606 experiamur
685 2549 695 2584 .·
710 2542 739 2584 et
753 2523 834 2584 eredo
848 2526 971 2587 nondum
982 2548 1025 2586 re-
1044 2576 1048 2578 .

344 2603 396 2682 gis
409 2623 518 2684 corpore
532 2602 657 2682 sepulto,
677 2602 714 2662 od
727 2603 890 2683 prestando
910 2606 936 2665 ei
952 2608 1024 2684 justu

348 2701 443 2742 omnes
460 2703 521 2743 esse
540 2683 670 2745 coituros.
684 2676 769 2762 Quod
785 2681 823 2743 ad
841 2705 887 2744 me
905 2687 1025 2754 oscitet,

345 2758 458 2820 reddere
470 2759 520 2822 doc
534 2761 680 2842 imperium
691 2762 781 2829 molo,
797 2781 882 2840 quom
896 2783 1024 2825 exercere

346 2835 449 2902 ciuium
459 2841 596 2923 sanguine
609 2867 621 2904 ,·
635 2858 663 2906 er
671 2839 698 2903 si
708 2839 786 2904 nulio
797 2840 861 2907 olio
871 2843 1024 2908 concordia
