2350 3967
304 447 499 516 LIBER
538 449 664 524 V111.
760 463 820 540 ’μς

135 552 177 618 ab
199 550 293 617 oculis
315 550 471 616 mortalium
491 553 607 616 amolita
627 571 729 619 nutura
751 575 824 630 est,

138 655 225 718 qnam
248 633 281 696 itt
302 634 400 696 caeium
414 631 497 710 fama
515 634 684 716 perveheret.
705 633 824 698 Scilicet

142 731 243 807 ‘stef
260 733 292 806 tu
301 755 312 785 ,
334 713 425 783 Cleo,
444 711 525 802 Dens
538 712 663 791 facimus
679 723 724 777 iu
741 715 823 778 nobis

140 863 143 866 ,
173 812 310 857 umttstts
327 815 385 855 tute
396 811 591 863 auctotttutem
603 814 668 858 ante
686 809 823 858 natusest

141 893 197 936 rete
216 881 230 935 !
249 873 402 955 potentium
418 889 494 931 tuum
513 872 637 954 experiri
657 814 736 935 libet.
759 875 822 936 Fae

141 952 266 1044 aliquem
277 973 393 1046 regem,
412 950 439 1012 si
449 950 543 1017 Deum
551 951 736 1032 potesfacete
749 979 759 1014 .·
769 951 823 1030 sm

141 1030 230 1102 cilius
243 1050 288 1094 est
300 1029 445 1113 imperium
457 1028 523 1092 date
529 1072 542 1101 ,
553 1052 633 1110 quam
646 1031 753 1100 catum.
763 1031 822 1097 Dii

137 1110 258 1194 propitii
270 1114 333 1174 sine
345 1108 475 1179 inuidia,
499 1130 559 1190 quae
570 1110 638 1172 Cleo
649 1109 748 1182 dixit,
768 1133 822 1172 uu-

141 1190 271 1261 dietim,
289 1190 382 1258 eodem
400 1209 434 1249 ue
449 1209 549 1260 cursu,
566 1209 617 1269 quo
625 1190 738 1271 fluxae
749 1211 797 1252 res
807 1229 830 1264 ,.

140 1270 185 1338 ite
203 1270 362 1352 patiantur,
416 1268 501 1331 osttis
521 1267 646 1333 motibus
664 1267 752 1330 uelint
768 1289 821 1332 nos

141 1369 207 1410 esse
218 1367 376 1419 ¹cttntentos.
387 1347 456 1411 Non
468 1345 554 1428 pudet
563 1347 665 1429 patriae
677 1388 687 1419 ‚
705 1369 756 1408 nec
767 1347 821 1410 de-

140 1427 238 1498 sidero
248 1470 260 1500 ,
282 1427 318 1499 ati
332 1448 409 1510 quem
422 1427 529 1489 modum
545 1448 596 1488 rest
609 1425 676 1498 mihi
689 1426 822 1490 colendus

139 1509 202 1580 sit,
223 1507 345 1572 discere.
367 1504 449 1584 Quos
468 1505 594 1645 e3uidem
614 1506 734 1575 uictores
756 1527 821 1581 esse

139 1585 298 1668 confitens,
319 1588 345 1649 si
362 1587 397 1651 ab
411 1585 471 1660 iilis
498 1607 585 1666 eges,
600 1585 662 1666 quis
672 1587 821 1659 uiuamus,

142 1667 309 1750 accipimus.
323 1667 422 1745 AEquis
433 1666 545 1731 auribus
556 1665 745 1738 Callisthenes
757 1669 822 1730 veb-

139 1748 184 1808 nti
208 1748 319 1815 vindex
340 1748 461 1826 publica
485 1747 621 1806 libertatis
643 1747 821 1812 audiebatur.

140 1827 328 1906 Expresserat
345 1848 405 1888 non
426 1826 618 1893 assensionem
636 1827 748 1897 modo,
771 1827 820 1888 sed

138 1907 232 1968 etiam
244 1929 371 1978 vocem,
387 1905 532 1967 seniorum
544 1907 702 1984 praecipue,
719 1905 820 1984 quibus

138 1987 237 2067 gravis
249 2005 310 2048 erat
325 1985 475 2048 inveterati
487 1986 577 2044 motis
588 2004 709 2046 externa
718 2000 817 2046 mutas·

139 2068 197 2130 tio.
218 2067 285 2128 Nee
303 2067 456 2146 quidquam
469 2084 595 2136 eorum,
612 2087 674 2144 quae
692 2063 820 2126 invicem

142 2147 248 2223 jactata
261 2163 361 2216 etant,
371 2165 422 2208 tex
432 2145 601 2226 ignorabam
615 2167 681 2210 cum
693 2160 821 2222 postam

140 2228 226 2292 istam
238 2265 247 2294 ‚
262 2247 324 2302 qne
334 2227 424 2287 lectos
434 2224 590 2285 obduxerat
600 2265 611 2295 ,
623 2243 719 2287 staret.
731 2226 742 2284 1
765 2224 820 2286 'tut

141 2305 176 2367 ad
185 2305 266 2386 Agin
273 2323 304 2365 et
311 2304 454 2366 Cleonem
460 2303 553 2373 misit,
566 2245 819 2382 ussermonesstiitn

141 2383 279 2445 barbaros
295 2401 422 2454 tantum,
438 2401 500 2442 tum
518 2381 672 2453 intrasset,
692 2401 820 2463 prosumus

141 2463 205 2524 bere
219 2483 270 2528 suo
284 2478 359 2530 more
374 2478 535 2544 paterentur
552 2488 562 2522 .·
580 2478 610 2522 et
626 2463 714 2547 paulo
732 2477 819 2540 post,

141 2545 222 2622 quasi
236 2544 352 2622 potiora
369 2543 498 2621 qaedam
509 2543 631 2622 egisset,
651 2539 820 2604 convivium

143 2626 258 2703 repetit.
272 2622 372 2701 Quem
389 2621 586 2684 venerantibus
599 2621 709 2698 Persis,
726 2617 821 2696 Polyae

139 2725 273 2782 percon,
293 2704 342 2781 qui
359 2704 481 2792 cubabat
495 2721 578 2780 super
591 2721 710 2840 eciem,
728 2717 820 2766 unum

140 2805 177 2855 ex
199 2785 235 2844 iis
259 2799 360 2844 mento
385 2797 601 2862 contingentem
644 2800 745 2842 amum
769 2795 822 2856 pet

138 2863 297 2928 ludibrium
308 2862 398 2942 eoepit
407 2860 534 2931 hortati,
548 2877 580 2921 ut
589 2856 777 2922 uehementius
789 2851 823 2930 id
