2350 3967
330 401 532 511 tttt'a'u·
556 449 669 516 vta·
772 457 843 532 att.-
878 407 880 411 Α

144 541 268 610 itaicta
284 564 329 607 est
343 589 356 616 ,
368 566 401 609 ut
413 552 504 610 oculis
520 552 643 633 caligine
662 548 749 614 offitsa
768 537 843 632 col-5¹

144 627 331 695 laberetur,
357 649 395 690 ue
422 630 526 690 mentis
554 631 669 708 quidem
698 647 833 709 compos.

147 705 310 768 Exercitus
326 726 402 768 cette
418 710 498 770 velut
511 727 610 788 erepto
627 731 663 770 eo
680 710 842 792 ingemuit-2

146 784 215 847 Sed
223 783 350 846 invictus
360 787 492 848 adversus
505 807 641 866 ea,1qttae
652 806 759 850 eeteros
776 810 842 856 ter-r

147 883 247 930 tent,
268 864 399 925 nondum
410 885 560 943 percurato
580 868 718 936 vulnere,
739 869 843 930 atrius·

151 943 303 1004 obsidioni
311 944 429 1014 institit,
439 948 597 1008 naturalem
607 947 780 1009 celeritatem
789 947 832 1008 ira

150 1023 335 1084 concitante.
345 1024 489 1085 Cuniculo
501 1045 571 1106 ergo
587 1025 711 1086 subfossa
724 1028 831 1089 moenia
901 1064 902 1068 =

154 1101 260 1182 iugens
267 1102 411 1164 nudavere
421 1105 562 1181 spatium,
574 1125 624 1182 per
631 1107 706 1182 quod
714 1106 828 1184 irrupit,

155 1182 309 1257 victorque
326 1185 425 1243 urbem
439 1182 511 1243 dirui
528 1185 616 1262 jussit.
631 1183 709 1244 Hinc
725 1185 830 1245 Mene·

154 1261 278 1322 demum
293 1280 360 1320 cum
374 1281 415 1322 111
429 1262 552 1324 millibus
566 1263 693 1340 pediturn
708 1281 737 1322 et
751 1273 840 1330 ncccj

154 1340 302 1416 equitibus
315 1339 350 1400 ad
360 1344 461 1402 urbem
477 1343 647 1404 Maracanda
664 1338 750 1402 misit.
766 1338 832 1418 Spi-

156 1436 289 1480 tamenes
314 1420 458 1501 transfuga
483 1416 610 1498 praesidio
637 1420 839 1497 Macedonum

156 1498 226 1560 iude
244 1497 379 1573 dejecto,
403 1501 491 1561 muris
502 1500 583 1562 'urbis
603 1500 662 1575 eius
678 1501 831 1563 incluserat

155 1599 187 1642 te
203 1601 214 1636 ε
233 1577 311 1638 haud
330 1579 475 1656 oppidanis
492 1579 647 1642 consilium
664 1579 831 1644 defectionis

156 1659 391 1734 approbantibus.
414 1658 500 1736 Sequi
520 1677 617 1726 tamen
637 1661 828 1727 videbantur,

154 1738 223 1816 quia
235 1735 387 1813 prohibere
398 1736 458 1798 non
469 1729 610 1818 poterant}¹
625 1739 740 1802 Interim
754 1741 829 1800 Ale-

153 1817 267 1876 xander
282 1816 318 1875 ad
329 1817 445 1879 Tanain
459 1838 575 1880 amnem
588 1818 660 1880 redit
667 1859 680 1900 ‚·
696 1837 724 1880 et
737 1839 829 1895 quan·

154 1916 220 1957 tutu
238 1897 295 1957 soli
313 1917 520 1974 occupaverant
536 1898 650 1966 castris,
663 1900 752 1958 'tauro
772 1898 830 1958 tir-

152 1974 314 2037 cumdedit.
335 1995 374 2036 rx
385 1977 540 2038 stadiorum
554 1977 629 2038 urbis
643 1996 739 2038 murus
754 1976 828 2043 fuit,

152 2055 231 2117 haue
245 2075 361 2132 quoque
372 2058 471 2118 urbem
481 2053 682 2117 Alexandriam
695 2055 832 2132 appellari
920 2097 927 2108 .

154 2134 248 2213 jussit.
259 2134 433 2211 Opuntanta
444 2137 589 2198 celeritate
601 2135 755 2214 perfectum
766 2151 808 2196 est
814 2173 836 2203 ,a

153 2234 188 2276 ut
206 2213 326 2276 decimo
344 2215 465 2293 septimo
487 2215 532 2276 die
543 2255 553 2286 ,
565 2237 632 2294 :qua
652 2214 829 2276 munimenta

152 2295 281 2358 excitata
300 2313 400 2363 etant,
420 2311 493 2356 tecta
509 2316 623 2372 quoque
640 2293 715 2355 urbis
731 2294 828 2354 absol·

151 2391 301 2434 verentur.
324 2373 429 2454 Ingens
445 2372 569 2436 militum
591 2391 734 2436 certamen
754 2373 838 2454 inter

152 2452 229 2530 ipsos
240 2455 352 2522 fuerat,
364 2471 396 2512 ut
406 2474 488 2514 suurn
497 2454 614 2532 quiaque
624 2472 725 2512 munus
738 2455 751 2524 (
760 2471 828 2512 narn

153 2533 278 2595 divisum
298 2549 360 2592 erat
376 2533 390 2602 )
404 2532 516 2609 ,prinus
534 2531 704 2594 ostenderet.
722 2531 837 2592 incolae

152 2629 234 2674 novae
243 2611 309 2674 urbi
322 2611 380 2670 dati
391 2612 496 2689 captivi
504 2651 515 2682 ,
523 2620 525 2624 ’
534 2631 607 2688 quos
615 2609 723 2673 reddito
736 2609 835 2687 pretio
910 2667 912 2672 .

150 2691 278 2754 dominis
297 2690 461 2760 liberavit,
484 2711 607 2768 quotum
626 2690 730 2768 posteri
751 2709 833 2750 nuno

149 2792 266 2851 quoque
280 2769 415 2830 noudum
427 2771 502 2847 apud
516 2788 637 2831 eos-tam
647 2771 734 2850 longa
746 2787 838 2830 aetate.

145 2870 265 2936 propter
273 2850 452 2928 memoriam
461 2849 619 2915 Alexandri
627 2849 836 2912 eutolerentnt.¹

663 2947 710 3012 1i
