2350 3967
290 465 413 552 INss'Qt·
449 462 622 524 cunin
656 460 686 524 i.
719 460 751 523 id.
801 474 856 528 ‘isi

176 557 275 626 {igiosa
289 575 315 610 et
330 559 434 612 minacia
449 559 636 616 nuntiarentur,
649 557 808 622 procurandis
821 557 853 621 iis

177 629 270 680 Graeco
280 625 353 676 simul
364 628 514 694 barbaroque
524 628 573 678 ritu
585 626 701 678 continua
710 639 777 677 sacra
786 630 853 676 faotu

176 709 244 755 sunt.
270 696 357 758 Neque
375 709 457 744 tamen
481 693 573 758 expiari
594 706 751 759 praeterquam
770 708 853 744 morte

176 761 244 827 regis
264 775 368 824 potuere
384 777 398 818 ς·
413 760 453 826 qui
476 778 531 810 cum
556 762 695 810 Nearchum
716 760 853 824 excepisset

178 826 302 880 convivio
317 863 324 885 ,
344 829 439 894 jamque
454 827 562 878 cubitum
576 827 653 878 iturus
667 841 750 886 esset,
771 817 851 877 Medii

174 895 286 964 Latisspi
309 895 405 945 obnixis
419 895 532 959 precibus
548 894 637 954 dedit,
654 911 681 944 ut
695 897 725 944 ad
737 911 792 944 eum
806 911 852 944 cot

140 986 144 992 ·
175 967 312 1016 messanam
324 962 430 1014 veniret.
444 961 491 1012 Ubi
501 973 631 1028 postquam
640 974 698 1012 tota
706 975 782 1011 nocte
793 977 853 1025 per·

174 1037 291 1096 potasset
301 1065 308 1086 ‚
318 1031 381 1080 male
391 1031 475 1080 habere
486 1030 569 1094 coepit.
579 1035 750 1096 Ingravescens
759 1028 851 1079 deinde

177 1098 280 1151 morbus
304 1097 365 1146 adeo
388 1114 472 1157 omnes
492 1097 559 1149 vires
581 1097 646 1149 intra
667 1105 761 1147 sextum
783 1096 851 1146 diem

177 1161 308 1232 exhausit,
327 1180 353 1214 ut
366 1181 396 1214 ne
409 1165 479 1214 vocis
494 1163 591 1230 quide-m
604 1179 712 1228 potestas
724 1178 797 1214 esset.
810 1167 852 1212 ln·

176 1243 245 1282 terea
261 1229 354 1282 milites
368 1231 538 1282 sollicitudine
553 1229 725 1295 desiderioque
739 1231 789 1292 ejus
804 1247 851 1278 an-

176 1297 231 1356 xii,
252 1315 387 1363 quanquam
405 1295 582 1348 obtestantibus
602 1295 721 1354 ducibus,
740 1314 767 1348 ne
780 1301 851 1348 vule-

176 1367 287 1418 iuda'nem
307 1368 373 1434 regis
394 1383 541 1424 onerarent,
564 1377 754 1430 expresserunt,
776 1376 804 1414 ut
823 1362 851 1413 in

175 1446 339 1498 conspectum
352 1434 403 1496 eius
417 1431 615 1487 admitterentur.

215 1598 310 1663 Cir.
332 1597 374 1662 V.
396 1599 570 1660 intuentibus
590 1597 722 1676 lacrymae
741 1596 851 1658 'obortae

172 1683 320 1759 praebuere
345 1679 468 1755 speciem
492 1679 549 1756 jam
572 1699 632 1738 non
654 1699 774 1757 regern,
802 1675 850 1736 sed

173 1759 261 1820 funus
273 1759 332 1837 ejus
344 1759 458 1818 visentis
470 1758 620 1818 exercitus.
631 1758 740 1817 Moeror
750 1774 849 1816 tamen

172 1837 420 1899 circumstantium
434 1838 541 1896 lectum
557 1837 719 1897 eminebat:
732 1857 803 1913 quos
817 1843 853 1894 ut'

171 1935 226 1978 rex
247 1916 374 1993 aspexit,
390 1913 544 1976 Invenietis
553 1953 563 1986 ,
580 1917 690 1991 inquit,
712 1934 772 1973 cum
793 1933 847 1972 ex·

171 2013 310 2064 cessero,
331 1993 444 2073 dignum
457 1992 559 2052 talibus
570 1992 643 2053 viris
656 2013 749 2071 regem
763 1995 778 2050 ,ἲ
800 1993 850 2050 iu·

170 2073 309 2136 credibile
320 2074 396 2134 dictu
408 2073 575 2150 audituque,
589 2073 618 2131 in
629 2074 732 2132 eodem
747 2071 847 2130 habitu

172 2154 326 2229 eorporis,
342 2153 372 2210 in
387 2173 472 2228 quern
492 2172 520 2210 se
537 2168 758 2229 composuerat,
778 2171 856 2220 curn⁴

170 2231 343 2293 admissurus
352 2232 456 2291 milites
467 2249 557 2300 esset,
576 2231 708 2299 durasse,
724 2230 817 2290 donec
826 2252 846 2289 a

170 2322 240 2372 foto
254 2310 381 2370 exercitu
398 2311 450 2370 illo
467 2311 500 2370 ad
511 2311 847 2388 rtltimunupersalutatus

172 2404 241 2450 est:
262 2391 431 2466 dimissoque
449 2391 559 2468 vulgo,
581 2390 660 2448 velut
679 2389 760 2447 omni
780 2388 856 2446 vitae'

169 2468 270 2529 debito
288 2469 441 2537 liberatus,
462 2469 578 2548 fatigata
595 2470 724 2526 membra
735 2467 856 2541 reiecirf

172 2544 345 2626 Propiusque
358 2545 437 2607 adire
449 2547 527 2626 jussis
538 2546 655 2614 amicis,
669 2566 736 2604 uam
747 2563 775 2603 et
787 2565 845 2604 vox

169 2626 293 2688 deficere
306 2627 366 2705 jam
377 2643 518 2703 coeperam
537 2627 692 2686 detractum
705 2624 845 2684 annulum

168 2706 262 2786 digito
272 2705 411 2766 Perdiccae
421 2705 554 2777 tradidit3
568 2703 684 2780 adjectis
693 2702 842 2770 mandatis,

170 2801 201 2844 ut
212 2804 310 2864 corpur
321 2803 398 2844 suum
410 2783 445 2844 ad
456 2782 635 2844 Hammonem
639 2779 714 2858 ferri
720 2780 843 2860 juberet.

168 2862 372 2946 Quaerentibus
382 2861 447 2941 his,
467 2861 511 2927 cui
524 2859 845 2944 relinqueretregnum?

631 2957 658 3022 Y
676 2979 693 3039 y
711 2957 746 3025 ir
