<?xml version="1.0" encoding="UTF-8"?>
<!DOCTYPE html PUBLIC "-//W3C//DTD XHTML 1.0 Transitional//EN"
    "http://www.w3.org/TR/xhtml1/DTD/xhtml1-transitional.dtd">
<html xmlns="http://www.w3.org/1999/xhtml" xml:lang="en" lang="en">
 <head>
  <title>
</title>
<meta http-equiv="Content-Type" content="text/html;charset=utf-8" />
  <meta name='ocr-system' content='tesseract 3.04.00' />
  <meta name='ocr-capabilities' content='ocr_page ocr_carea ocr_par ocr_line ocrx_word'/>
</head>
<body>
  <div class='ocr_page' id='page_1' title='image "./qcurtiirufidere01rufugoog_0396.png"; bbox 0 0 2350 3967; ppageno 0'>
   <div class='ocr_carea' id='block_1_1' title="bbox 300 435 842 528">
    <p class='ocr_par' dir='ltr' id='par_1_1' title="bbox 300 435 842 528">
     <span class='ocr_line' id='line_1_1' title="bbox 300 435 842 528; baseline -0.004 -20"><span class='ocrx_word' id='word_1_1' title='bbox 300 435 675 514; x_wconf 69' lang='lat' dir='ltr'>&#39;ttsnnvrt</span> <span class='ocrx_word' id='word_1_2' title='bbox 756 443 842 528; x_wconf 55' lang='grc'><em>,393-</em></span> 
     </span>
    </p>
   </div>
   <div class='ocr_carea' id='block_1_2' title="bbox 78 545 904 2141">
    <p class='ocr_par' dir='ltr' id='par_1_2' title="bbox 78 545 904 2141">
     <span class='ocr_line' id='line_1_2' title="bbox 158 545 843 628; baseline -0.003 -17"><span class='ocrx_word' id='word_1_3' title='bbox 158 548 311 616; x_wconf 57' lang='lat' dir='ltr'>evectus,</span> <span class='ocrx_word' id='word_1_4' title='bbox 335 564 442 628; x_wconf 83' lang='lat' dir='ltr'>magna</span> <span class='ocrx_word' id='word_1_5' title='bbox 463 563 554 628; x_wconf 81' lang='lat' dir='ltr'>strage</span> <span class='ocrx_word' id='word_1_6' title='bbox 574 566 624 608; x_wconf 85' lang='lat' dir='ltr'>eos</span> <span class='ocrx_word' id='word_1_7' title='bbox 644 545 763 609; x_wconf 83' lang='lat' dir='ltr'>firderat.</span> <span class='ocrx_word' id='word_1_8' title='bbox 785 545 843 609; x_wconf 85' lang='lat' dir='ltr'>Sed</span> 
     </span>
     <span class='ocr_line' id='line_1_3' title="bbox 160 625 842 702; baseline -0.001 -14"><span class='ocrx_word' id='word_1_9' title='bbox 160 647 235 691; x_wconf 85' lang='lat' dir='ltr'>cum</span> <span class='ocrx_word' id='word_1_10' title='bbox 244 646 337 689; x_wconf 86' lang='lat' dir='ltr'>unum</span> <span class='ocrx_word' id='word_1_11' title='bbox 350 645 452 686; x_wconf 88' lang='lat' dir='ltr'>omnes</span> <span class='ocrx_word' id='word_1_12' title='bbox 467 645 616 702; x_wconf 83' lang='lat' dir='ltr'>peterent,</span> <span class='ocrx_word' id='word_1_13' title='bbox 632 626 727 686; x_wconf 91' lang='lat' dir='ltr'>multis</span> <span class='ocrx_word' id='word_1_14' title='bbox 737 625 842 702; x_wconf 80' lang='lat' dir='ltr'>vulne·</span> 
     </span>
     <span class='ocr_line' id='line_1_4' title="bbox 159 704 843 787; baseline 0 -19"><span class='ocrx_word' id='word_1_15' title='bbox 159 704 843 787; x_wconf 56' lang='lat' dir='ltr'>ribusexsauguisllypsidenquemdamexatniff</span> 
     </span>
     <span class='ocr_line' id='line_1_5' title="bbox 159 783 904 861; baseline -0.003 -14"><span class='ocrx_word' id='word_1_16' title='bbox 159 786 207 848; x_wconf 83' lang='lat' dir='ltr'>cis</span> <span class='ocrx_word' id='word_1_17' title='bbox 221 785 352 846; x_wconf 73' lang='lat' dir='ltr'>hortatus</span> <span class='ocrx_word' id='word_1_18' title='bbox 368 801 411 845; x_wconf 84' lang='lat' dir='ltr'>est</span> <span class='ocrx_word' id='word_1_19' title='bbox 420 824 433 852; x_wconf 89' lang='lat'><em>,</em></span> <span class='ocrx_word' id='word_1_20' title='bbox 451 783 633 861; x_wconf 68' lang='lat' dir='ltr'>urinantium</span> <span class='ocrx_word' id='word_1_21' title='bbox 649 804 726 844; x_wconf 83' lang='lat' dir='ltr'>suurn</span> <span class='ocrx_word' id='word_1_22' title='bbox 742 804 844 845; x_wconf 83' lang='lat' dir='ltr'>asten·</span> <span class='ocrx_word' id='word_1_23' title='bbox 900 849 904 858; x_wconf 59' lang='grc'><em>,</em></span> 
     </span>
     <span class='ocr_line' id='line_1_6' title="bbox 160 855 843 943; baseline 0 -19"><span class='ocrx_word' id='word_1_24' title='bbox 160 861 267 934; x_wconf 71' lang='lat' dir='ltr'>timet,</span> <span class='ocrx_word' id='word_1_25' title='bbox 289 881 320 924; x_wconf 84' lang='lat' dir='ltr'>et</span> <span class='ocrx_word' id='word_1_26' title='bbox 337 883 369 924; x_wconf 90' lang='lat' dir='ltr'>se</span> <span class='ocrx_word' id='word_1_27' title='bbox 378 859 455 941; x_wconf 74' lang='lat' dir='ltr'>fuga</span> <span class='ocrx_word' id='word_1_28' title='bbox 470 855 600 943; x_wconf 46' lang='lat' dir='ltr'>erueret.</span> <span class='ocrx_word' id='word_1_29' title='bbox 620 861 691 924; x_wconf 77' lang='lat' dir='ltr'>Hac</span> <span class='ocrx_word' id='word_1_30' title='bbox 708 883 843 942; x_wconf 82' lang='lat' dir='ltr'>agentern</span> 
     </span>
     <span class='ocr_line' id='line_1_7' title="bbox 159 941 842 1020; baseline 0 -16"><span class='ocrx_word' id='word_1_31' title='bbox 159 944 264 1015; x_wconf 69' lang='lat' dir='ltr'>enirm</span> <span class='ocrx_word' id='word_1_32' title='bbox 275 943 400 1010; x_wconf 82' lang='lat' dir='ltr'><strong>defecit,</strong></span> <span class='ocrx_word' id='word_1_33' title='bbox 420 961 577 1020; x_wconf 83' lang='lat' dir='ltr'>corpusque</span> <span class='ocrx_word' id='word_1_34' title='bbox 588 961 709 1019; x_wconf 77' lang='lat' dir='ltr'>essequo</span> <span class='ocrx_word' id='word_1_35' title='bbox 727 941 842 1020; x_wconf 81' lang='lat' dir='ltr'>defluxit</span> 
     </span>
     <span class='ocr_line' id='line_1_8' title="bbox 160 1021 840 1102; baseline 0.001 -20"><span class='ocrx_word' id='word_1_36' title='bbox 160 1021 198 1082; x_wconf 86' lang='lat' dir='ltr'>in</span> <span class='ocrx_word' id='word_1_37' title='bbox 215 1023 335 1084; x_wconf 81' lang='lat' dir='ltr'>terram.</span> <span class='ocrx_word' id='word_1_38' title='bbox 353 1021 493 1102; x_wconf 79' lang='lat' dir='ltr'>Hypsicles</span> <span class='ocrx_word' id='word_1_39' title='bbox 507 1038 620 1100; x_wconf 89' lang='lat' dir='ltr'>poterat</span> <span class='ocrx_word' id='word_1_40' title='bbox 636 1022 750 1099; x_wconf 88' lang='lat' dir='ltr'>quidem</span> <span class='ocrx_word' id='word_1_41' title='bbox 766 1021 840 1083; x_wconf 80' lang='lat' dir='ltr'>effit-</span> 
     </span>
     <span class='ocr_line' id='line_1_9' title="bbox 161 1101 842 1183; baseline 0.009 -23"><span class='ocrx_word' id='word_1_42' title='bbox 161 1119 257 1183; x_wconf 75' lang='lat' dir='ltr'>gere3</span> <span class='ocrx_word' id='word_1_43' title='bbox 276 1103 326 1162; x_wconf 85' lang='lat' dir='ltr'>sed</span> <span class='ocrx_word' id='word_1_44' title='bbox 340 1101 446 1162; x_wconf 83' lang='lat' dir='ltr'>amisso</span> <span class='ocrx_word' id='word_1_45' title='bbox 458 1101 554 1162; x_wconf 80' lang='lat' dir='ltr'>amito</span> <span class='ocrx_word' id='word_1_46' title='bbox 567 1101 643 1160; x_wconf 89' lang='lat' dir='ltr'>mori</span> <span class='ocrx_word' id='word_1_47' title='bbox 654 1102 758 1164; x_wconf 80' lang='lat' dir='ltr'>statuit.</span> <span class='ocrx_word' id='word_1_48' title='bbox 770 1101 842 1166; x_wconf 79' lang='lat' dir='ltr'>Una</span> 
     </span>
     <span class='ocr_line' id='line_1_10' title="bbox 164 1179 844 1257; baseline 0 -15"><span class='ocrx_word' id='word_1_49' title='bbox 164 1199 229 1242; x_wconf 83' lang='lat' dir='ltr'>erat</span> <span class='ocrx_word' id='word_1_50' title='bbox 239 1201 309 1241; x_wconf 88' lang='lat' dir='ltr'>cura</span> <span class='ocrx_word' id='word_1_51' title='bbox 319 1220 331 1250; x_wconf 90' lang='lat'>‚</span> <span class='ocrx_word' id='word_1_52' title='bbox 341 1199 379 1239; x_wconf 93' lang='lat' dir='ltr'>ne</span> <span class='ocrx_word' id='word_1_53' title='bbox 391 1179 495 1240; x_wconf 89' lang='lat' dir='ltr'>inultus</span> <span class='ocrx_word' id='word_1_54' title='bbox 506 1179 657 1240; x_wconf 87' lang='lat' dir='ltr'>occideret.</span> <span class='ocrx_word' id='word_1_55' title='bbox 670 1181 768 1257; x_wconf 88' lang='lat' dir='ltr'>Itaque</span> <span class='ocrx_word' id='word_1_56' title='bbox 778 1183 844 1242; x_wconf 86' lang='lat' dir='ltr'>sub·</span> 
     </span>
     <span class='ocr_line' id='line_1_11' title="bbox 162 1255 842 1340; baseline -0.001 -20"><span class='ocrx_word' id='word_1_57' title='bbox 162 1259 231 1320; x_wconf 85' lang='lat' dir='ltr'>ditis</span> <span class='ocrx_word' id='word_1_58' title='bbox 251 1259 511 1336; x_wconf 61' lang='lat' dir='ltr'>calcatibusequo*</span> <span class='ocrx_word' id='word_1_59' title='bbox 521 1259 551 1317; x_wconf 89' lang='lat' dir='ltr'>in</span> <span class='ocrx_word' id='word_1_60' title='bbox 571 1257 682 1318; x_wconf 85' lang='lat' dir='ltr'>medios</span> <span class='ocrx_word' id='word_1_61' title='bbox 696 1255 791 1332; x_wconf 87' lang='lat' dir='ltr'>hostes</span> <span class='ocrx_word' id='word_1_62' title='bbox 811 1279 842 1340; x_wconf 74' lang='lat' dir='ltr'>se</span> 
     </span>
     <span class='ocr_line' id='line_1_12' title="bbox 160 1336 842 1419; baseline -0.003 -22"><span class='ocrx_word' id='word_1_63' title='bbox 160 1337 311 1408; x_wconf 77' lang='lat' dir='ltr'>immisit,</span> <span class='ocrx_word' id='word_1_64' title='bbox 330 1355 360 1400; x_wconf 86' lang='lat' dir='ltr'>ct</span> <span class='ocrx_word' id='word_1_65' title='bbox 376 1336 558 1401; x_wconf 83' lang='lat' dir='ltr'>memorabili</span> <span class='ocrx_word' id='word_1_66' title='bbox 576 1337 651 1398; x_wconf 87' lang='lat' dir='ltr'>edita</span> <span class='ocrx_word' id='word_1_67' title='bbox 671 1359 766 1419; x_wconf 87' lang='lat' dir='ltr'>pugna</span> <span class='ocrx_word' id='word_1_68' title='bbox 783 1339 842 1418; x_wconf 32' lang='lat' dir='ltr'>&#39;ob-i</span> 
     </span>
     <span class='ocr_line' id='line_1_13' title="bbox 160 1403 842 1496; baseline -0.006 -14"><span class='ocrx_word' id='word_1_69' title='bbox 160 1433 244 1482; x_wconf 80' lang='lat' dir='ltr'>tutus</span> <span class='ocrx_word' id='word_1_70' title='bbox 257 1420 324 1480; x_wconf 85' lang='lat' dir='ltr'>telis</span> <span class='ocrx_word' id='word_1_71' title='bbox 339 1435 392 1479; x_wconf 88' lang='lat' dir='ltr'>est.</span> <span class='ocrx_word' id='word_1_72' title='bbox 411 1415 500 1493; x_wconf 91' lang='lat' dir='ltr'>Quod</span> <span class='ocrx_word' id='word_1_73' title='bbox 518 1417 566 1477; x_wconf 89' lang='lat' dir='ltr'>ubi</span> <span class='ocrx_word' id='word_1_74' title='bbox 577 1417 692 1490; x_wconf 81' lang='lat' dir='ltr'>videre,</span> <span class='ocrx_word' id='word_1_75' title='bbox 712 1415 759 1496; x_wconf 90' lang='lat' dir='ltr'>qui</span> <span class='ocrx_word' id='word_1_76' title='bbox 774 1403 842 1478; x_wconf 77' lang='lat' dir='ltr'>caedl</span> 
     </span>
     <span class='ocr_line' id='line_1_14' title="bbox 162 1497 843 1576; baseline 0 -18"><span class='ocrx_word' id='word_1_77' title='bbox 162 1515 356 1576; x_wconf 71' lang='lat' dir='ltr'>supererant3</span> <span class='ocrx_word' id='word_1_78' title='bbox 379 1498 522 1563; x_wconf 83' lang='lat' dir='ltr'>tumulum</span> <span class='ocrx_word' id='word_1_79' title='bbox 538 1497 627 1572; x_wconf 86' lang='lat' dir='ltr'>paulo</span> <span class='ocrx_word' id='word_1_80' title='bbox 641 1518 728 1576; x_wconf 83' lang='lat' dir='ltr'>quam</span> <span class='ocrx_word' id='word_1_81' title='bbox 747 1515 843 1567; x_wconf 77' lang='lat' dir='ltr'>cetera</span> 
     </span>
     <span class='ocr_line' id='line_1_15' title="bbox 161 1573 841 1653; baseline 0 -15"><span class='ocrx_word' id='word_1_82' title='bbox 161 1576 320 1639; x_wconf 83' lang='lat' dir='ltr'>editiorem</span> <span class='ocrx_word' id='word_1_83' title='bbox 334 1575 460 1652; x_wconf 85' lang='lat' dir='ltr'>capiunt.</span> <span class='ocrx_word' id='word_1_84' title='bbox 476 1574 560 1653; x_wconf 90' lang='lat' dir='ltr'>Quos</span> <span class='ocrx_word' id='word_1_85' title='bbox 571 1573 748 1653; x_wconf 85' lang='lat' dir='ltr'>Spitamenes</span> <span class='ocrx_word' id='word_1_86' title='bbox 764 1575 841 1638; x_wconf 83' lang='lat' dir='ltr'>fame</span> 
     </span>
     <span class='ocr_line' id='line_1_16' title="bbox 159 1655 842 1727; baseline 0.001 -12"><span class='ocrx_word' id='word_1_87' title='bbox 159 1655 192 1715; x_wconf 90' lang='lat' dir='ltr'>in</span> <span class='ocrx_word' id='word_1_88' title='bbox 201 1656 382 1717; x_wconf 88' lang='lat' dir='ltr'>deditionem</span> <span class='ocrx_word' id='word_1_89' title='bbox 394 1656 556 1727; x_wconf 74' lang='lat' dir='ltr'>subacturus</span> <span class='ocrx_word' id='word_1_90' title='bbox 570 1655 689 1716; x_wconf 85' lang='lat' dir='ltr'>obsedit.</span> <span class='ocrx_word' id='word_1_91' title='bbox 704 1655 842 1718; x_wconf 87' lang='lat' dir='ltr'>Cecidere</span> 
     </span>
     <span class='ocr_line' id='line_1_17' title="bbox 161 1733 842 1813; baseline 0.009 -19"><span class='ocrx_word' id='word_1_92' title='bbox 161 1753 201 1794; x_wconf 80' lang='lat' dir='ltr'>eo</span> <span class='ocrx_word' id='word_1_93' title='bbox 216 1736 320 1813; x_wconf 83' lang='lat' dir='ltr'>praelio</span> <span class='ocrx_word' id='word_1_94' title='bbox 329 1733 457 1811; x_wconf 87' lang='lat' dir='ltr'>peditum</span> <span class='ocrx_word' id='word_1_95' title='bbox 470 1753 498 1793; x_wconf 86' lang='lat' dir='ltr'>rr</span> <span class='ocrx_word' id='word_1_96' title='bbox 515 1733 631 1804; x_wconf 87' lang='lat' dir='ltr'>millia,</span> <span class='ocrx_word' id='word_1_97' title='bbox 653 1755 707 1795; x_wconf 89' lang='lat' dir='ltr'>ccc</span> <span class='ocrx_word' id='word_1_98' title='bbox 720 1736 842 1812; x_wconf 74' lang='lat' dir='ltr'>equites·</span> 
     </span>
     <span class='ocr_line' id='line_1_18' title="bbox 160 1811 841 1891; baseline 0.001 -17"><span class='ocrx_word' id='word_1_99' title='bbox 160 1811 267 1891; x_wconf 89' lang='lat' dir='ltr'>Quam</span> <span class='ocrx_word' id='word_1_100' title='bbox 287 1813 400 1875; x_wconf 83' lang='lat' dir='ltr'>cladem</span> <span class='ocrx_word' id='word_1_101' title='bbox 416 1812 578 1874; x_wconf 80' lang='lat' dir='ltr'>Alexander</span> <span class='ocrx_word' id='word_1_102' title='bbox 595 1813 693 1875; x_wconf 88' lang='lat' dir='ltr'>solerti</span> <span class='ocrx_word' id='word_1_103' title='bbox 718 1814 841 1876; x_wconf 87' lang='lat' dir='ltr'>consilio</span> 
     </span>
     <span class='ocr_line' id='line_1_19' title="bbox 78 1891 841 1972; baseline 0.001 -19"><span class='ocrx_word' id='word_1_104' title='bbox 78 1892 79 1899; x_wconf 74' lang='grc'>’</span> <span class='ocrx_word' id='word_1_105' title='bbox 158 1894 260 1965; x_wconf 78' lang='lat' dir='ltr'>texit,</span> <span class='ocrx_word' id='word_1_106' title='bbox 280 1911 365 1961; x_wconf 73' lang='lat' dir='ltr'>morte</span> <span class='ocrx_word' id='word_1_107' title='bbox 378 1892 542 1954; x_wconf 86' lang='lat' dir='ltr'>denuntiata</span> <span class='ocrx_word' id='word_1_108' title='bbox 558 1891 615 1968; x_wconf 85' lang='lat' dir='ltr'>iis,¹</span> <span class='ocrx_word' id='word_1_109' title='bbox 632 1893 680 1972; x_wconf 86' lang='lat' dir='ltr'>qui</span> <span class='ocrx_word' id='word_1_110' title='bbox 692 1911 728 1972; x_wconf 71' lang='lat' dir='ltr'>ert</span> <span class='ocrx_word' id='word_1_111' title='bbox 743 1894 841 1972; x_wconf 82' lang='lat' dir='ltr'>praelio</span> 
     </span>
     <span class='ocr_line' id='line_1_20' title="bbox 79 1968 839 2054; baseline -0.001 -20"><span class='ocrx_word' id='word_1_112' title='bbox 79 2030 80 2034; x_wconf 75' lang='grc'>,</span> <span class='ocrx_word' id='word_1_113' title='bbox 157 1989 328 2040; x_wconf 73' lang='lat' dir='ltr'>venerant,</span> <span class='ocrx_word' id='word_1_114' title='bbox 345 1969 371 2032; x_wconf 79' lang='lat' dir='ltr'>si</span> <span class='ocrx_word' id='word_1_115' title='bbox 384 1990 449 2032; x_wconf 83' lang='lat' dir='ltr'>acta</span> <span class='ocrx_word' id='word_1_116' title='bbox 459 1968 650 2050; x_wconf 58' lang='lat' dir='ltr'>vulgarunt„</span> <span class='ocrx_word' id='word_1_117' title='bbox 829 2017 839 2054; x_wconf 58' lang='lat'><em>3</em></span> 
     </span>
     <span class='ocr_line' id='line_1_21' title="bbox 167 2047 842 2141; baseline -0.006 -27"><span class='ocrx_word' id='word_1_118' title='bbox 167 2087 172 2094; x_wconf 77' lang='lat'><em>,</em></span> <span class='ocrx_word' id='word_1_119' title='bbox 200 2051 285 2114; x_wconf 74' lang='lat' dir='ltr'>Cur.</span> <span class='ocrx_word' id='word_1_120' title='bbox 296 2050 381 2115; x_wconf 85' lang='lat' dir='ltr'>v111.</span> <span class='ocrx_word' id='word_1_121' title='bbox 393 2051 530 2112; x_wconf 87' lang='lat' dir='ltr'>Ceterum</span> <span class='ocrx_word' id='word_1_122' title='bbox 546 2069 613 2112; x_wconf 88' lang='lat' dir='ltr'>cum</span> <span class='ocrx_word' id='word_1_123' title='bbox 628 2048 727 2110; x_wconf 86' lang='lat' dir='ltr'>animo</span> <span class='ocrx_word' id='word_1_124' title='bbox 744 2047 842 2141; x_wconf 54' lang='lat' dir='ltr'>dispaf</span> 
     </span>
    </p>
   </div>
   <div class='ocr_carea' id='block_1_3' title="bbox 77 2129 840 2207">
    <p class='ocr_par' dir='ltr' id='par_1_3' title="bbox 77 2129 840 2207">
     <span class='ocr_line' id='line_1_22' title="bbox 77 2129 840 2207; baseline -0.004 -14"><span class='ocrx_word' id='word_1_125' title='bbox 77 2188 78 2193; x_wconf 73' lang='grc'>,</span> <span class='ocrx_word' id='word_1_126' title='bbox 158 2151 226 2194; x_wconf 83' lang='lat' dir='ltr'>rent</span> <span class='ocrx_word' id='word_1_127' title='bbox 248 2131 363 2194; x_wconf 83' lang='lat' dir='ltr'>vultum</span> <span class='ocrx_word' id='word_1_128' title='bbox 380 2130 483 2191; x_wconf 87' lang='lat' dir='ltr'>diutius</span> <span class='ocrx_word' id='word_1_129' title='bbox 503 2129 575 2190; x_wconf 83' lang='lat' dir='ltr'>ferre</span> <span class='ocrx_word' id='word_1_130' title='bbox 594 2149 654 2190; x_wconf 86' lang='lat' dir='ltr'>non</span> <span class='ocrx_word' id='word_1_131' title='bbox 673 2149 790 2207; x_wconf 80' lang='lat' dir='ltr'>posset3</span> <span class='ocrx_word' id='word_1_132' title='bbox 809 2150 840 2190; x_wconf 84' lang='lat' dir='ltr'>tn</span> 
     </span>
    </p>
   </div>
   <div class='ocr_carea' id='block_1_4' title="bbox 158 2203 841 2843">
    <p class='ocr_par' dir='ltr' id='par_1_4' title="bbox 158 2203 841 2843">
     <span class='ocr_line' id='line_1_23' title="bbox 158 2203 840 2288; baseline -0.004 -15"><span class='ocrx_word' id='word_1_133' title='bbox 158 2210 383 2273; x_wconf 79' lang='lat' dir='ltr'>tabernaculum</span> <span class='ocrx_word' id='word_1_134' title='bbox 396 2229 479 2288; x_wconf 84' lang='lat' dir='ltr'>super</span> <span class='ocrx_word' id='word_1_135' title='bbox 495 2208 587 2286; x_wconf 83' lang='lat' dir='ltr'>ripam</span> <span class='ocrx_word' id='word_1_136' title='bbox 607 2203 729 2270; x_wconf 85' lang='lat' dir='ltr'>fluminis</span> <span class='ocrx_word' id='word_1_137' title='bbox 741 2207 775 2270; x_wconf 91' lang='lat' dir='ltr'>de</span> <span class='ocrx_word' id='word_1_138' title='bbox 791 2209 840 2270; x_wconf 87' lang='lat' dir='ltr'>in·</span> 
     </span>
     <span class='ocr_line' id='line_1_24' title="bbox 159 2287 841 2360; baseline 0 -8"><span class='ocrx_word' id='word_1_139' title='bbox 159 2291 272 2360; x_wconf 84' lang='lat' dir='ltr'>dustria</span> <span class='ocrx_word' id='word_1_140' title='bbox 291 2291 420 2352; x_wconf 79' lang='lat' dir='ltr'>locatum</span> <span class='ocrx_word' id='word_1_141' title='bbox 440 2288 561 2350; x_wconf 87' lang='lat' dir='ltr'>secessit.</span> <span class='ocrx_word' id='word_1_142' title='bbox 585 2288 629 2348; x_wconf 90' lang='lat' dir='ltr'>Ibi</span> <span class='ocrx_word' id='word_1_143' title='bbox 653 2288 712 2350; x_wconf 89' lang='lat' dir='ltr'>sine</span> <span class='ocrx_word' id='word_1_144' title='bbox 730 2287 841 2352; x_wconf 84' lang='lat' dir='ltr'>arbitris</span> 
     </span>
     <span class='ocr_line' id='line_1_25' title="bbox 160 2366 840 2463; baseline 0 -35"><span class='ocrx_word' id='word_1_145' title='bbox 160 2370 277 2463; x_wconf 74' lang='lat' dir='ltr'>singula</span> <span class='ocrx_word' id='word_1_146' title='bbox 288 2367 378 2439; x_wconf 83' lang='lat' dir='ltr'>animi</span> <span class='ocrx_word' id='word_1_147' title='bbox 390 2368 518 2430; x_wconf 84' lang='lat' dir='ltr'>consulta</span> <span class='ocrx_word' id='word_1_148' title='bbox 528 2366 673 2446; x_wconf 89' lang='lat' dir='ltr'>pensando</span> <span class='ocrx_word' id='word_1_149' title='bbox 688 2406 699 2436; x_wconf 89' lang='lat'>‚</span> <span class='ocrx_word' id='word_1_150' title='bbox 720 2386 840 2429; x_wconf 86' lang='lat' dir='ltr'>noctem</span> 
     </span>
     <span class='ocr_line' id='line_1_26' title="bbox 160 2443 841 2532; baseline -0.007 -20"><span class='ocrx_word' id='word_1_151' title='bbox 160 2450 272 2532; x_wconf 74' lang='lat' dir='ltr'>vigiliis</span> <span class='ocrx_word' id='word_1_152' title='bbox 285 2447 430 2518; x_wconf 84' lang='lat' dir='ltr'>extraxit,</span> <span class='ocrx_word' id='word_1_153' title='bbox 446 2468 516 2525; x_wconf 62' lang='lat' dir='ltr'>sape</span> <span class='ocrx_word' id='word_1_154' title='bbox 531 2446 652 2525; x_wconf 85' lang='lat' dir='ltr'>pellibus</span> <span class='ocrx_word' id='word_1_155' title='bbox 665 2443 841 2524; x_wconf 85' lang='lat' dir='ltr'>tabernaculi</span> 
     </span>
     <span class='ocr_line' id='line_1_27' title="bbox 162 2522 840 2607; baseline -0.004 -18"><span class='ocrx_word' id='word_1_156' title='bbox 162 2527 318 2597; x_wconf 80' lang='lat' dir='ltr'>allevatis,</span> <span class='ocrx_word' id='word_1_157' title='bbox 336 2544 368 2600; x_wconf 77' lang='lat' dir='ltr'>ut</span> <span class='ocrx_word' id='word_1_158' title='bbox 377 2528 552 2605; x_wconf 81' lang='lat' dir='ltr'>conspiceret</span> <span class='ocrx_word' id='word_1_159' title='bbox 562 2522 687 2586; x_wconf 87' lang='lat' dir='ltr'>hostium</span> <span class='ocrx_word' id='word_1_160' title='bbox 702 2524 803 2607; x_wconf 82' lang='lat' dir='ltr'>ignes,</span> <span class='ocrx_word' id='word_1_161' title='bbox 821 2541 840 2586; x_wconf 81' lang='lat' dir='ltr'>e</span> 
     </span>
     <span class='ocr_line' id='line_1_28' title="bbox 161 2601 839 2686; baseline -0.012 -15"><span class='ocrx_word' id='word_1_162' title='bbox 161 2608 265 2686; x_wconf 76' lang='lat' dir='ltr'>quibus</span> <span class='ocrx_word' id='word_1_163' title='bbox 283 2608 447 2684; x_wconf 84' lang='lat' dir='ltr'>conjectare</span> <span class='ocrx_word' id='word_1_164' title='bbox 466 2623 600 2685; x_wconf 85' lang='lat' dir='ltr'>poterat,</span> <span class='ocrx_word' id='word_1_165' title='bbox 615 2619 721 2684; x_wconf 87' lang='lat' dir='ltr'>quanta</span> <span class='ocrx_word' id='word_1_166' title='bbox 739 2601 839 2666; x_wconf 87' lang='lat' dir='ltr'>homi·</span> 
     </span>
     <span class='ocr_line' id='line_1_29' title="bbox 161 2685 840 2778; baseline -0.01 -25"><span class='ocrx_word' id='word_1_167' title='bbox 161 2706 235 2753; x_wconf 72' lang='lat' dir='ltr'>num</span> <span class='ocrx_word' id='word_1_168' title='bbox 249 2686 405 2748; x_wconf 85' lang='lat' dir='ltr'>multitudo</span> <span class='ocrx_word' id='word_1_169' title='bbox 420 2704 501 2763; x_wconf 81' lang='lat' dir='ltr'>esset.</span> <span class='ocrx_word' id='word_1_170' title='bbox 513 2685 636 2762; x_wconf 83' lang='lat' dir='ltr'>Jamque</span> <span class='ocrx_word' id='word_1_171' title='bbox 650 2685 702 2745; x_wconf 87' lang='lat' dir='ltr'>lux</span> <span class='ocrx_word' id='word_1_172' title='bbox 717 2703 840 2778; x_wconf 51' lang='lat' dir='ltr'>apparea</span> 
     </span>
     <span class='ocr_line' id='line_1_30' title="bbox 162 2761 840 2843; baseline 0.004 -17"><span class='ocrx_word' id='word_1_173' title='bbox 162 2767 232 2834; x_wconf 86' lang='lat' dir='ltr'>bat,</span> <span class='ocrx_word' id='word_1_174' title='bbox 251 2787 322 2830; x_wconf 86' lang='lat' dir='ltr'>cum</span> <span class='ocrx_word' id='word_1_175' title='bbox 343 2764 493 2838; x_wconf 80' lang='lat' dir='ltr'>thoracem</span> <span class='ocrx_word' id='word_1_176' title='bbox 516 2765 629 2824; x_wconf 91' lang='lat' dir='ltr'>indutus</span> <span class='ocrx_word' id='word_1_177' title='bbox 650 2765 778 2843; x_wconf 82' lang='lat' dir='ltr'>procedit</span> <span class='ocrx_word' id='word_1_178' title='bbox 802 2761 840 2830; x_wconf 78' lang='lat' dir='ltr'>ad.</span> 
     </span>
    </p>
   </div>
   <div class='ocr_carea' id='block_1_5' title="bbox 163 2841 840 2944">
    <p class='ocr_par' dir='ltr' id='par_1_5' title="bbox 163 2841 840 2944">
     <span class='ocr_line' id='line_1_31' title="bbox 163 2841 840 2944; baseline -0.007 -32"><span class='ocrx_word' id='word_1_179' title='bbox 163 2845 290 2918; x_wconf 77' lang='lat' dir='ltr'>milites,</span> <span class='ocrx_word' id='word_1_180' title='bbox 305 2864 371 2926; x_wconf 81' lang='lat' dir='ltr'>tum</span> <span class='ocrx_word' id='word_1_181' title='bbox 381 2844 506 2926; x_wconf 82' lang='lat' dir='ltr'>primum</span> <span class='ocrx_word' id='word_1_182' title='bbox 516 2857 581 2928; x_wconf 80' lang='lat' dir='ltr'>post</span> <span class='ocrx_word' id='word_1_183' title='bbox 591 2845 693 2910; x_wconf 75' lang='lat' dir='ltr'>vulnus</span> <span class='ocrx_word' id='word_1_184' title='bbox 704 2841 840 2944; x_wconf 63' lang='lat' dir='ltr'>proximc</span> 
     </span>
    </p>
   </div>
   <div class='ocr_carea' id='block_1_6' title="bbox 0 0 1180 3967">
    <p class='ocr_par' dir='ltr' id='par_1_6' title="bbox 0 0 1180 3967">
     <span class='ocr_line' id='line_1_32' title="bbox 0 0 1180 3967; baseline 0 0"><span class='ocrx_word' id='word_1_185' title='bbox 0 0 1180 3967; x_wconf 95' lang='lat' dir='ltr'> </span> 
     </span>
    </p>
   </div>
  </div>
 </body>
</html>
