2350 3967
345 430 539 504 LIBER
576 432 687 505 vlt.
793 442 852 517 357

172 538 276 623 Itaque
291 538 464 611 Caranum,
481 560 509 603 et
522 540 668 622 Erigyium
683 560 750 603 curn
764 544 854 601 Arta·

134 688 137 701 ‚
172 626 251 687 bazo
267 638 297 683 et
312 618 503 691 Andronico,
523 639 556 681 et.
566 642 615 681 sex
627 622 752 683 millibus
766 620 852 681 Gtae·

172 721 279 765 corum
300 701 453 778 peditum,
477 720 515 760 nc
533 703 639 777 equites
655 704 855 777 sequebantur

172 782 238 860 Ipse
256 801 296 840 tx
311 780 408 840 diebus
423 798 540 859 gentem
551 778 754 860 Euergetarum
771 779 854 839 ordi·

174 861 258 923 navit
271 899 281 927 ,
298 874 403 940 magna
416 859 536 935 pecunia
547 860 584 917 ob
599 878 744 939 egregiam
754 859 782 918 in
793 858 854 935 Cy·

174 961 243 1001 runt
259 936 350 998 fidem
360 940 477 997 donata.
488 938 603 997 Relicto
618 939 736 1006 deinde,
756 939 804 1015 qui
817 937 854 998 iis

174 1016 508 1099 praeeminemus(
519 1016 607 1076 scriba
618 1019 640 1077 is
648 1016 730 1078 Darii
739 1016 853 1089 fuerat)

176 1098 381 1165 Arachosios,
406 1115 528 1174 quotum
546 1098 627 1177 regio
645 1096 679 1157 ad
700 1096 853 1166 Ponticum

178 1198 260 1239 mare
282 1176 431 1253 pertinet,
459 1176 578 1256 subegit.
604 1176 648 1234 lbi
667 1176 854 1245 exercitum,

177 1257 230 1335 qui
256 1258 309 1316 sub
335 1254 525 1315 Parmenione
546 1254 665 1323 fuerat,
692 1255 856 1332 occupauit.

180 1336 242 1396 Sex
251 1334 344 1395 millia
356 1332 549 1395 Macedonum
562 1351 662 1402 erant,
676 1350 707 1394 et
719 1354 756 1394 cc
770 1335 856 1394 nobi-

178 1415 254 1483 les,
282 1431 312 1474 et
333 1414 457 1490 quinque
482 1412 574 1473 millia
598 1410 766 1474 Graecorutn
789 1432 858 1479 sunu

179 1495 323 1572 equitibus
338 1492 485 1565 ducentis;
502 1492 575 1553 haud
589 1491 673 1554 dubie
686 1494 774 1554 robur
786 1512 856 1553 om·

178 1576 263 1636 nium
272 1572 379 1635 virium
389 1572 474 1652 regis.
484 1571 649 1633 Arachosiis
658 1573 856 1633 datusMenon

178 1670 306 1734 praetor,
327 1672 365 1711 ru
374 1652 499 1713 millibus
508 1650 656 1729 peditum,
675 1671 705 1712 et
719 1672 758 1712 nc
769 1653 856 1733 equi·

177 1735 255 1795 tibus
267 1732 299 1791 in
314 1730 472 1808 presidium
484 1731 598 1793 relictis.
617 1732 680 1809 lpse
690 1752 740 1792 rex
756 1734 856 1793 natio·.

177 1834 274 1882 nem,
296 1829 334 1869 ne
359 1809 486 1871 finitimis
508 1811 621 1889 quidem
640 1814 706 1872 satis
728 1829 857 1881 notam,
902 1876 905 1881 ,

176 1892 289 1972 quippe
298 1890 381 1951 nullo
392 1890 569 1951 commercio
579 1891 727 1951 volentem
742 1908 859 1951 mutuos

176 1994 265 2041 usus,
280 1990 348 2031 curn
357 1970 481 2031 exercitu
491 1969 618 2031 intravit.
630 1966 859 2048 Parapamisadis

177 2051 386 2131 appellantur,
408 2066 517 2131 agreste
533 2048 685 2109 hominurn
695 2068 806 2132 genus,
829 2061 861 2109 et

179 2130 257 2192 inter
270 2130 406 2191 barbaros
415 2130 540 2189 maxime
551 2128 742 2193 inconditum.
760 2127 861 2194 [occ-⁴

178 2230 247 2273 turn
269 2208 404 2287 asperitas
428 2206 581 2271 hominum
606 2228 719 2289 quoque
742 2208 860 2289 ingenia

176 2290 344 2352 duraverat.
390 2285 608 2349 Gelidissimum
636 2286 860 2366 'septentrionis
925 2313 928 2317 ·

178 2388 272 2431 axem
284 2387 321 2429 ex
335 2388 440 2449 magna
456 2384 535 2445 parte
546 2386 691 2445 spectant:
705 2366 861 2428 Bactrianis

173 2449 215 2511 'ad
227 2447 423 2510 Occidentem
435 2448 583 2527 conjuncti
600 2465 684 2508 sunte
698 2446 861 2506 Meridiana

180 2528 267 2609 regio
287 2526 324 2587 ad
348 2544 428 2587 mare
454 2526 585 2588 Indicum
606 2527 708 2619 vergit.
729 2526 862 2607 Tuguria

179 2608 275 2669 latere
291 2606 389 2685 primo
409 2622 517 2667 struunt
534 2645 544 2676 ,
575 2624 605 2667 et
619 2626 685 2684 quta
702 2606 803 2667 sterilis
820 2620 864 2667 est

182 2704 257 2749 tetra
266 2685 413 2755 materiae,
426 2686 455 2745 iu
464 2685 540 2746 nudo
550 2686 638 2748 etiarn
647 2688 754 2747 montis
762 2685 864 2757 dorso,

183 2766 327 2844 usquead
349 2786 495 2826 sumntum
515 2761 864 2848 aedificiorum-fastigium

175 2844 868 2931 ‚redeunterculouruuuucmruusuucura
898 2921 900 2924 ,
