2350 3967
92 659 93 664 ἵ
154 581 316 672 'quidquam
332 583 394 661 opis
408 601 488 654 erat,
503 603 626 662 quorum
640 603 694 645 nec
708 585 845 661 exaudiri·

158 685 224 730 uox
241 685 257 722 a
273 665 506 723 tumultuantibus
519 681 650 740 poterat3
671 682 724 723 nec
738 665 835 742 impe·

158 743 372 804 tlumaterritis
381 743 631 819 incompositisque
639 743 836 825 servari.Ergo

160 821 263 886 collidi
280 823 353 880 inter
369 841 397 880 se
412 841 516 889 naves,
536 823 740 903 abstergerique
756 823 835 882 invi-

161 921 231 976 qem
247 901 339 968 remi,
359 917 387 958 et
401 901 450 959 alii
464 899 586 960 aliorum
602 902 716 981 nauigia
734 919 836 980 urgete

161 995 322 1055 coeperunt.
348 977 483 1038 Crederes
507 1000 567 1038 non
590 980 672 1041 unius
695 978 837 1040 exercitus

163 1059 284 1134 classem
304 1055 393 1124 vehi,
419 1057 466 1128 sed
488 1059 609 1119 duorum
630 1059 732 1118 navale
752 1060 838 1119 inisse

164 1144 332 1211 certamen:
344 1137 552 1206 Incutiebantur
569 1138 707 1223 puppibus
721 1159 838 1215 prorae;
915 1191 919 1198 ,

162 1219 391 1294 premebantuta
404 1216 597 1292 sequentibus,
610 1217 659 1292 qui
669 1218 838 1276 anteceden-

164 1311 206 1373 tes
225 1297 406 1368 turbaverant
420 1317 428 1352 ε
441 1293 666 1377 jurgantium'ira
684 1297 838 1377 pervenie-

165 1376 214 1434 bat
232 1374 321 1432 etiam
339 1371 374 1430 ad
388 1393 498 1430 manus.
520 1373 641 1456 Jamque
663 1393 742 1432 aestus
759 1392 842 1436 totos'

164 1453 241 1512 circa
254 1450 361 1530 flumen
372 1471 487 1527 campus
501 1451 702 1522 inundaverat,
719 1453 839 1515 tumulis

165 1532 304 1591 duntaxat
314 1529 517 1598 eminentibus,
529 1531 607 1592 velut
618 1531 839 1611 insulisparvis;

164 1609 196 1688 in
219 1631 292 1686 quos
315 1607 441 1687 plerique
461 1609 561 1685 trepidi
585 1611 694 1685 omissi-s
717 1611 842 1690 navigiis

166 1685 251 1750 enare
268 1704 424 1766 coeperunt.
435 1687 566 1764 Dispersa
582 1689 675 1746 classis
689 1691 839 1771 partimin

165 1765 281 1848 praealta
289 1787 361 1842 aqua
370 1768 540 1842 stabat,qua
548 1767 849 1847 subsederantvallesg·

166 1847 270 1930 partim
290 1846 318 1904 in
339 1845 413 1924 tadu
431 1843 574 1921 haer'ebat,
598 1863 750 1923 utcumque
768 1849 839 1907 inae-

167 1925 252 2012 quale
266 1923 345 1984 terrae
360 1923 502 2009 fastigium
518 1943 725 2000 occupaverant
739 1927 841 1998 undat*

166 2001 235 2066 cum
245 2003 340 2065 subito
355 2019 463 2080 novus,
482 2019 510 2060 et
518 2002 637 2078 pristino
645 2000 842 2080 maiorlerroit

168 2079 315 2164 incutitur.
330 2082 522 2161 Reciprocare'
532 2083 617 2158 coepit
633 2103 711 2161 mare
728 2104 841 2168 magno

166 2159 261 2224 tractu
272 2161 349 2236 aquis
362 2161 390 2218 in
402 2181 483 2219 suum
493 2155 596 2237 fretum
607 2164 810 2238 recurrentibus
827 2183 845 2233 ς

167 2233 366 2316 reddebatque
384 2256 469 2299 terras
494 2239 580 2320 paule
607 2258 676 2298 ante
697 2242 842 2321 profundo
927 2275 933 2284 ·

167 2318 230 2382 salo
250 2339 365 2400 mersas.
388 2317 477 2398 Igitur
499 2318 628 2378 destituta
650 2321 762 2398 navigia
783 2324 840 2382 alia

168 2397 378 2481 praecipitantur
390 2397 419 2454 in
433 2415 547 2474 proras;
563 2395 619 2454 alia
629 2398 659 2454 in
673 2397 759 2458 latera
774 2420 841 2475 pro-

168 2481 319 2543 cumbunt,
336 2475 419 2534 Strati
434 2493 513 2540 erant
527 2474 620 2550 campi
636 2476 770 2545 sarcinis,
792 2498 841 2536 ar·-

170 2559 250 2626 mis,
276 2553 438 2616 avulsarum
460 2553 618 2614 tabularum
637 2573 840 2639 remorumque

168 2633 347 2717 fragmentis.
371 2633 457 2714 lllliles
476 2652 528 2692 nec
545 2631 640 2710 egredi
662 2633 691 2690 in
708 2651 810 2710 terram
827 2673 859 2708 ,A

170 2716 264 2777 necin
276 2710 363 2772 naves
377 2707 520 2772 subsistere
532 2708 650 2772 audebat
659 2735 668 2787 ς
676 2705 840 2787 idemtidem

169 2793 350 2878 praesenribus
396 2791 528 2868 rariora,
554 2789 842 2872 qua‘usequereatut}

168 2883 348 2959 gaspectana,
386 2870 416 2940 iat
424 2889 482 2961 quae
490 2869 731 2952 perpetiebantur,
745 2872 840 2948 viderq

676 2966 743 3065 Vt
