2350 3967
343 490 403 565 {72
521 474 565 560 Q.
605 470 848 543 CURTII

343 601 451 666 rumque
460 578 626 646 numeravit.
638 574 851 655 Namflumen,
869 592 928 653 quo
939 570 1037 633 latitas

334 665 433 749 sutum
447 682 491 725 est
501 704 512 733 ,
534 658 584 721 isoe
599 654 739 747 placidius
757 670 875 732 stagnat
889 674 904 725 ;
925 654 1035 733 quippe

342 743 471 827 angustis
489 742 558 824 ripis
576 752 716 805 coercita,
736 752 763 793 et
778 734 807 792 in
827 732 1034 812 angustiorem

342 825 450 889 alueum
459 822 531 884 elisa
542 834 675 880 torrentes
686 832 771 893 aquas
782 811 922 871 invehunt
935 840 943 868 :
956 832 1032 872 cons·

342 922 392 967 tto
400 898 495 985 spatio
503 899 575 962 nivei
586 894 697 976 segnior
705 912 800 953 curtus
809 908 865 953 ese.
877 890 1032 951 Proeeerea

341 984 373 1046 in
385 984 445 1065 ripa
456 1002 533 1043 omne
542 973 694 1061 periculum
706 990 768 1041 ets,
784 969 830 1029 udi
845 968 1031 1050 applicantes

342 1063 459 1141 navigia
471 1060 559 1121 hostis
570 1069 724 1134 exspectat.
743 1048 789 1112 Ito
808 1066 1031 1128 quantumcum-

342 1144 506 1225 queflumen
517 1132 684 1203 interuenit,
696 1130 769 1190 idem
774 1126 906 1205 futurum
919 1128 1030 1189 discri-

344 1240 407 1282 men
422 1236 465 1281 est
483 1214 657 1280 evadentium
672 1212 702 1271 in
717 1226 832 1289 tetram.
851 1204 912 1271 Sed
930 1208 1027 1269 omnia

263 1331 266 1337 ¹
343 1302 402 1363 ista
415 1318 484 1361 ueta
500 1316 562 1358 esse
569 1292 725 1374 fingamus.
738 1287 879 1351 Utrumne
896 1307 951 1348 uos
962 1307 1026 1347 mos-

341 1378 460 1463 gnieudo
480 1375 654 1438 belluarum,
675 1390 710 1429 an
731 1364 877 1427 multitudo
898 1364 1024 1427 hostium

343 1460 455 1520 tentet?
473 1452 558 1536 Quod
565 1450 689 1535 pertinet
700 1446 735 1508 ad
748 1443 933 1527 elephantos,
950 1464 1024 1526 pree-

344 1558 411 1599 sens
423 1536 553 1607 habemus
564 1528 716 1611 exemplum
729 1552 738 1585 .·
753 1524 784 1585 in
796 1546 862 1585 suos
873 1523 1025 1586 uehemen-

342 1618 423 1685 tius,
443 1634 523 1695 quam
536 1612 565 1671 in
583 1631 633 1670 nos
650 1609 845 1675 incurrerunt3
864 1620 925 1668 tatn
941 1620 1024 1668 uasta

343 1715 458 1777 corpora
470 1689 610 1754 securibus
614 1684 789 1765 falcibusque
801 1680 936 1747 mutilata
946 1701 1024 1754 sunt,

344 1771 425 1916 guid
450 1792 541 1834 autem
566 1770 681 1829 interest
703 1762 817 1823 totidem
837 1761 931 1832 sins,
959 1778 1023 1841 quot

373 1874 435 1914 otus
455 1850 572 1918 babuit,
596 1868 632 1907 an
654 1844 709 1905 tria
730 1841 847 1902 middin?
873 1860 938 1901 cum
969 1862 1023 1901 una

345 1953 394 1997 aut
412 1932 497 1994 aiteio
515 1924 670 1992 uulnerauit
687 1940 791 1983 ceteros
808 1922 837 1980 in
848 1918 957 2001 fugam
971 1920 1023 1981 de·

345 2013 451 2075 clinare
475 2008 629 2071 uideamus.
655 2000 766 2063 Deinde
787 2020 893 2080 paucos
919 2020 1023 2080 quoque

344 2088 514 2153 incommode
536 2102 666 2165 tegunt:
692 2102 742 2141 con
778 2096 860 2159 egaea
889 2100 957 2141 uero
983 2097 1024 2141 tot

345 2171 435 2231 millio
447 2168 508 2248 ipsa
526 2163 697 2229 meliduni,
719 2180 735 2219 u
756 2160 764 2218 i
782 2179 833 2218 nec
850 2175 951 2229 stare,
970 2178 1021 2221 nea

337 2248 441 2329 fugere
452 2244 591 2326 potuerint
608 2238 744 2301 inhabiles
762 2256 903 2299 vastatum
922 2258 1022 2320 corpo·

344 2347 403 2392 tum
418 2323 513 2387 modes.
530 2320 666 2401 Equidem
681 2318 723 2379 sic
733 2314 869 2378 animalia
881 2316 941 2377 ista
953 2338 1021 2379 con,

345 2411 448 2479 temti,
471 2398 732 2467 utaumdabesem,
751 2396 901 2477 ipscnono
916 2416 1021 2477 posue-

344 2489 401 2549 rim
414 2506 425 2557 ;
439 2483 510 2544 satis
539 2499 623 2547 natus
652 2477 694 2537 Ius
707 2475 787 2544 suis,
800 2494 883 2553 quam
893 2415 1020 2540 ,domibus

343 2564 463 2647 periculi
472 2502 590 2638 infime.
640 2555 735 2615 tenim
746 2554 866 2633 equitum
878 2554 1018 2633 peditum·

346 2665 397 2725 que
414 2638 560 2716 „multitudo
576 2658 627 2698 vot
643 2648 792 2695 commouet
811 2631 819 2693 Ξ
842 2653 905 2693 cum
920 2634 1019 2714 paucis

346 2723 421 2781 enim
429 2738 551 2802 pugnate
563 2714 641 2776 soliti
659 2714 750 2783 estis,
770 2728 798 2771 et
814 2732 889 2775 nunt:
898 2712 1018 2793 primum
1093 2738 1094 2781 ξ

346 2799 517 2877 inconditam
533 2792 709 2856 sustinebitis
725 2790 842 2863 turbam,
858 2789 958 2853 Testis
972 2792 1019 2851 ad÷
1093 2816 1094 2865 ;

344 2896 443 2955 rettus
470 2873 674 2950 multitudinem
701 2870 802 2939 inuicti
831 2868 1020 2935 Macedonum
1093 2868 1094 2875 ’

914 2969 1019 3036 tobotit
1093 2998 1094 3069 ᾗ
