2350 3967
328 498 395 576 ψ’
513 488 555 574 Q.
594 488 841 561 'cuncis

329 615 430 688 perque
442 610 540 659 etmea
553 592 584 655 in
600 612 672 662 vos,
693 608 721 652 et
733 590 764 652 in
782 612 826 653 me
837 608 948 655 restra
959 612 1028 661 one-¹

331 680 412 748 rita‚
441 674 539 758 quidus
565 672 667 734 inuicti
694 670 887 732 contendimus
907 716 922 742 ,
952 688 1028 747 oro,·

331 776 497 841 quaesoque,
519 774 554 815 ne
572 752 750 813 humanarum
769 770 861 812 cecum
879 752 1028 813 terminos

331 836 480 900 adeuntem
501 834 640 895 alumnum
660 829 935 911 commilitonemque
956 853 1029 893 ues-

332 935 426 987 trum,
447 936 484 976 ne
498 914 590 975 dicam
606 930 720 993 regem,
742 908 894 974 deseratis.
913 909 1028 973 Cetera

332 991 413 1059 'robis
427 994 590 1075 imperavi;
610 989 660 1051 lroc
675 1010 757 1051 unum
775 988 926 1052 debiturus
946 1010 1029 1055 sum.

331 1072 373 1136 Et
384 1074 411 1135 is
420 1094 470 1136 ros
481 1092 565 1153 rogo,
578 1070 624 1152 qui
636 1068 709 1131 nihil
718 1090 837 1149 unquam
848 1068 932 1131 nolis
942 1090 1028 1152 pree·

333 1153 394 1235 cepi
408 1196 419 1225 ,
441 1152 508 1233 quin
521 1152 629 1232 primus
641 1170 685 1210 me
695 1148 830 1231 periculis
844 1148 1024 1211 obtulerim.-

332 1234 380 1315 qui
398 1254 472 1313 sape
489 1231 577 1292 aciem
592 1229 682 1311 clypeo
699 1249 758 1289 meo
770 1227 832 1289 texi
847 1249 906 1289 :ne
924 1228 1026 1305 infre-

332 1313 436 1396 geritis
448 1312 478 1372 in
492 1310 617 1371 manibus
632 1308 703 1369 meis
714 1306 835 1389 palmam
845 1350 858 1378 ,
875 1328 930 1387 qua
943 1308 1026 1369 Het-

334 1392 424 1455 culem
441 1389 624 1469 Liberumque
637 1406 763 1469 patrem,
784 1388 811 1447 si
831 1386 946 1449 invidia
965 1387 1021 1448 al-

326 1471 445 1552 swit,
469 1468 590 1550 aequalro.
608 1469 684 1528 Date
702 1467 752 1527 lroc
768 1466 903 1546 precibus
923 1469 1021 1539 meis,

332 1568 363 1612 et
385 1549 496 1611 tandem
517 1548 684 1609 obstinatum
705 1545 850 1607 silentium
871 1567 948 1607 erum
967 1548 1021 1609 ite.

332 1628 393 1693 vot
402 1649 445 1690 est
454 1628 503 1689 ille
512 1628 614 1689 clamor
622 1625 779 1687 alacritatis
788 1643 894 1687 vestra
902 1569 1019 1709 index?

328 1707 381 1768 ubi
401 1707 450 1769 ille
473 1728 592 1769 meorum
610 1704 797 1767 Macedonum
813 1704 938 1767 uultus?
963 1726 1020 1767 non

331 1806 453 1869 agnosco
470 1806 542 1857 vos,
559 1785 664 1847 milites
674 1804 689 1859 ;
710 1804 761 1846 neo
778 1784 898 1864 agnosci
919 1785 1019 1847 videor

331 1888 351 1928 a
372 1866 462 1930 volis.
485 1863 597 1927 Surdas
613 1862 775 1945 jamdudum
799 1884 883 1927 autes
906 1867 1018 1946 pulso.-

331 1966 447 2007 arersos
457 1945 565 2007 animos
581 1962 609 2007 et
623 1943 758 2021 infractos
773 1942 905 2005 excitare
921 1964 1019 2008 conor.

332 2026 468 2105 Cumque
486 2027 530 2086 illi
547 2028 578 2085 in
598 2043 704 2085 terrum
724 2023 853 2085 demissis
873 2026 1018 2103 capitibus

331 2122 426 2166 tacere
438 2122 667 2182 perseveratum
679 2103 787 2165 Nescio
800 2102 886 2181 quid,
899 2105 1016 2183 inquit,

328 2183 489 2263 imprudens
505 2184 537 2243 in
551 2204 603 2245 uos
617 2180 743 2261 deliqui,
764 2180 835 2261 quod
853 2202 898 2243 me
914 2206 951 2244 ne
967 2184 1031 2244 in-'

327 2262 402 2323 tueri
416 2260 525 2341 quidem
538 2262 626 2323 uultis
641 2270 654 2324 ,¹
669 2261 699 2321 in
715 2259 869 2322 solitudine
880 2262 952 2323 mihi
970 2262 1017 2324 vi·

329 2338 492 2413 deorlesse.
511 2340 605 2403 Nemo
624 2340 769 2421 respondet
779 2361 793 2413 ;
812 2361 893 2402 nemo
911 2342 1015 2403 saltem

330 2440 426 2502 negat.
444 2418 684 2503 Quosolloquor?
698 2419 764 2499 quid
774 2438 867 2480 autem
875 2421 1016 2502 postulo?

329 2521 452 2563 uestram
463 2499 583 2581 gloriam
598 2522 626 2561 et
642 2499 861 2579 magnitudinem
877 2502 1013 2562 uindica-
1092 2554 1093 2557 ,

330 2600 404 2644 mut.
417 2579 474 2643 Ubi
485 2596 549 2640 sunt
560 2578 624 2651 illi,
642 2600 752 2659 quorum
768 2596 913 2641 certamen
927 2578 1014 2672 qaulo
1092 2602 1093 2659 j

330 2677 398 2720 ante
416 2659 477 2721 vidi
498 2658 740 2727 contendentium,
764 2658 810 2737 qui
827 2659 1012 2739 potissimum

329 2736 468 2799 uulnerati
478 2738 554 2818 regis
564 2758 660 2819 corpus
672 2738 1011 2877 extiqrerentidesertus,
1092 2770 1093 2773 ¹

328 2813 479 2878 destitutus
492 2839 571 2890 sum,
586 2815 713 2879 dostilut
745 2816 849 2881 editus.
861 2816 922 2879 Sed
932 2818 1012 2880 solus

328 2912 430 2977 quaque
444 2896 486 2960 ire
497 2896 693 2980 perseverabo.
707 2893 834 2979 Oljr'cite
849 2917 895 2960 me
902 2898 1009 2983 fluuit
