2350 3967
302 485 492 551 LIBER
531 487 660 554 vlu.
757 512 815 568 409

119 605 246 672 inceps
259 591 391 670 praelium
401 591 537 652 fecerant.
551 591 598 650 Ad
610 591 745 652 ultimum
758 611 820 654 occ

124 694 261 737 suortnn
271 670 401 739 amissis,
419 690 542 747 quorum
552 691 608 730 ccc
620 671 707 732 hostis
718 673 795 750 cepit
806 692 817 744 ς

128 755 244 816 dedere
262 769 343 830 terga
354 750 509 810 victoribus
525 772 535 809 s
549 747 623 822 haud
634 771 701 812 sane
712 753 817 822 inulti,

130 835 249 912 quippe
268 848 350 889 sxxx
369 829 568 888 Macedonum
587 829 787 894 interfecerunt
801 873 817 900 2

130 926 301 992 praeterque
316 926 370 967 eos
389 929 444 968 ccc
462 925 492 968 et
511 929 529 968 t
549 910 637 969 saucii
656 910 724 974 facti
743 930 821 976 sunt·

133 993 273 1055 Veniam
289 1007 404 1056 nmen,
416 987 504 1047 eriam
515 1007 579 1065 post
589 991 708 1052 alteram
726 991 821 1052 defec-

135 1072 279 1138 tionem,
296 1068 532 1142 imperravetunt.
547 1067 603 1128 His
620 1069 650 1128 in
667 1069 753 1132 fidem
770 1091 820 1137 ac-

137 1147 546 1230 ceptisinregionem,quato
555 1146 653 1208 Nauia
664 1153 819 1229 appellant,

136 1251 194 1292 reat
206 1249 277 1289 cum
292 1246 355 1285 toro
372 1226 498 1285 exercitu
514 1228 603 1287 veuit.
620 1228 748 1307 Satrapes
760 1247 822 1291 erat

139 1307 329 1388 Sysirnithres
347 1305 455 1366 duobus
467 1324 504 1364 ex
515 1327 564 1366 sua
580 1324 671 1366 matre
682 1308 748 1370 filiis
764 1329 820 1389 ge·-
888 1375 890 1378 ,

140 1389 238 1457 tritis:
252 1387 357 1463 quippe
379 1385 452 1461 apud
469 1403 524 1445 eos
542 1388 704 1462 parentibus
723 1407 821 1466 stupro

142 1465 409 1530 coirecnmliberis
419 1464 460 1523 fas
467 1483 521 1528 est.
532 1484 561 1526 11
572 1467 699 1528 millibus
707 1467 822 1530 armatis

141 1545 333 1628 popularibus
342 1545 440 1603 fauces
448 1544 572 1624 regionis
583 1584 594 1614 ‚
615 1567 671 1622 qua
682 1549 711 1607 in
721 1549 821 1609 arctis-

141 1630 254 1690 simum
271 1623 403 1704 cogitur,
417 1624 513 1683 ualido
529 1624 710 1688 munimento
726 1648 821 1706 sepse·

143 1724 223 1770 rant.
238 1701 447 1766 Praeterfluebat
459 1720 568 1763 torrens
577 1706 691 1781 annisi
710 1730 725 1769 a
739 1727 821 1788 tergo

143 1804 228 1866 petra
246 1783 417 1846 claudebat:
432 1781 507 1842 banc
524 1804 611 1844 manu
629 1789 756 1864 perviam
775 1791 823 1847 in.-

144 1867 221 1928 eolar
231 1864 371 1924 fecerant.
390 1860 443 1921 sed
454 1861 543 1922 aditus
554 1883 652 1940 specus
663 1868 769 1944 accipit
778 1867 823 1927 lu-

145 1965 237 2018 cem-3
256 1941 391 2003 interiora
407 1940 462 2000 nisi
476 1941 559 2002 illato
575 1945 683 2005 lumino
703 1951 823 2008 obscure
901 1941 910 1956 ”

144 2043 226 2088 otor.
246 2022 400 2099 Perpetuus
420 2021 569 2081 cuniculus
586 2022 641 2080 iter
665 2027 767 2101 prabet
790 2025 822 2084 in

145 2119 291 2182 campos,
312 2103 445 2181 ignotum
456 2099 511 2160 nisi
527 2100 679 2182 indigenis.
696 2104 736 2163 At
747 2105 823 2165 Ale-

144 2185 276 2253 xander,
290 2201 454 2258 quanquam
468 2181 611 2262 angustias
630 2185 750 2244 naturali
767 2184 822 2248 situ
894 2227 908 2238 „

147 2263 320 2327 mussitasse
331 2259 456 2327 ualidas,
477 2280 565 2320 manu
579 2261 689 2322 barbari
703 2267 824 2332 tueban-

148 2363 217 2417 tur3
228 2359 335 2402 -tatnen
344 2338 476 2399 arietibus
485 2339 607 2399 admotis
623 2342 799 2404 munimenta
810 2387 822 2414 ,

148 2443 211 2502 quse
223 2441 314 2482 mauu
327 2418 460 2496 adjuncta
469 2436 566 2486 eraut,
582 2422 746 2490 concussit,
759 2422 825 2482 frun-

149 2505 248 2582 iisque
262 2517 292 2561 et
302 2498 411 2581 sagittis
422 2499 663 2580 propugnantium
674 2500 826 2578 plerosquo

150 2577 421 2663 deiecittquotubi
432 2577 710 2658 uspernsfugaus,
730 2581 824 2643 minas
908 2654 910 2658 .

150 2662 402 2725 munimentorum
413 2675 604 2738 supergressus
612 2657 646 2720 ad
656 2675 766 2736 petram
776 2663 826 2722 ad-

151 2743 245 2805 movit
262 2737 437 2815 exercitum.
462 2735 600 2798 Ceterum
620 2737 826 2820 interveniebat
904 2801 907 2818 ,

152 2819 255 2885 fluvius
269 2816 439 2880 coeuntibus
452 2815 530 2897 aquis
545 2837 582 2877 est
592 2818 735 2894 superiore
746 2819 825 2886 fastis

151 2903 242 2988 gjqin
253 2898 389 2985 uallem-2
409 2894 562 2981 magnique
575 2897 669 2983 operis
680 2897 826 2976 videbatur

544 2995 768 3074 -Mnt
