2350 3967
326 438 518 551 maun
567 474 646 557 tlt.
760 494 823 566 rer

125 587 200 650 'dam
218 604 300 679 eam·
306 588 456 669 regionem
469 590 601 652 Perdicca
615 613 681 653 cum
691 590 822 672 expedita

126 688 229 731 manu
256 687 502 747 m15503partem
526 673 674 747 copiarum
698 672 822 733 Eumenl
909 682 912 699 '

125 751 247 815 tradit,
266 766 299 809 ut
309 748 594 826 itquoquebarbaros
603 751 637 810 ad
646 751 821 813 deditionem

126 828 337 907 compelleret
355 851 363 888 ε
381 829 441 906 ipse
457 844 567 889 ceteros
583 830 617 889 ad
632 832 730 891 urbem
746 833 822 893 vali·

127 909 229 977 dam,
255 908 286 966 in
304 929 389 984 quam
407 908 525 969 aliarum
549 927 662 987 quoque
679 910 823 993 confuge*

126 1001 202 1048 rant
229 988 358 1057 incolae,
379 980 470 1049 duxit.
492 987 639 1067 Oppidani
662 990 752 1050 missis
772 986 823 1068 qui

127 1088 244 1148 regem
257 1068 495 1145 deprecarentur,
514 1068 699 1130 nihilominus
712 1071 822 1131 bellum

128 1150 296 1223 parabant.
319 1145 437 1224 Quippe
459 1163 519 1207 orta
539 1148 640 1209 seditio
659 1149 688 1207 in
712 1150 821 1210 diversa

132 1227 269 1287 consilia
280 1225 426 1285 diduxerat
434 1227 554 1307 vulgum
567 1250 577 1299 3
596 1228 646 1286 alii
661 1230 760 1288 omnia
770 1230 821 1288 de⁴

132 1304 257 1367 ditione
274 1306 409 1384 potiora3
432 1307 545 1383 quidam
560 1309 671 1365 nullam
688 1326 772 1383 opem
790 1307 821 1366 in
844 1347 846 1353 -

134 1385 210 1462 ipsis
229 1404 291 1445 esse
302 1386 451 1446 ducebant.
466 1384 520 1445 Sed
533 1386 601 1445 dum
613 1385 683 1447 nihil
698 1387 726 1444 in
740 1406 823 1446 corn⁴

134 1484 235 1525 mune
256 1463 437 1533 consulitur,
479 1464 508 1524 ui
527 1464 663 1525 deditioni
684 1464 822 1526 immine-⁵

133 1544 212 1603 bant
224 1586 236 1613 ,
256 1543 359 1622 apertis
371 1484 579 1620 pottisiiostem
589 1544 739 1621 recipiunt.
750 1545 823 1605 Ale-

135 1625 256 1683 xander
280 1640 442 1700 quanquam
473 1623 539 1683 belli
569 1624 732 1684 auctoribus
761 1624 822 1702 iure

135 1721 259 1779 poterat
272 1702 352 1761 irasci
363 1724 373 1775 3
388 1720 484 1761 tamen
496 1703 629 1763 omnibus
639 1704 723 1764 venia
734 1704 797 1764 data
808 1744 819 1774 ‚

85 1825 86 1828 ,
136 1798 169 1842 et
187 1783 334 1843 obsidibus
347 1780 486 1858 acceptis,
501 1782 534 1841 ad
547 1784 709 1861 proximam
721 1783 821 1845 deinde

136 1864 249 1923 urbem
270 1879 358 1921 castra
379 1860 482 1921 movit.
508 1860 629 1922 Obsides
648 1862 822 1939 ducebantur
843 1898 844 1901 η

85 1959 86 1966 “
138 1960 211 2002 ante
229 1960 335 2021 agmen
353 1962 363 2013 3
381 1960 452 2017 quos
466 1960 563 2001 cume
581 1942 668 2002 muris
685 1943 823 2022 agnotus-⁶

138 2039 225 2090 sent,
235 2038 334 2097 utpote
343 2020 435 2101 gentis
445 2020 590 2099 ejusdem,
600 2020 628 2079 in
640 2022 821 2097 colloquium

84 2119 85 2152 1
136 2116 391 2162 convocaverunt.
413 2099 459 2158 llli
481 2096 654 2160 clementium
675 2098 754 2179 regit
776 2098 821 2159 si*

138 2178 256 2258 mulque
270 2177 327 2239 vim
344 2179 624 2248 commemorando,
644 2180 679 2240 ad
696 2179 821 2241 deditio·

139 2273 214 2321 nem
235 2279 287 2319 eos
300 2259 468 2335 compulere
482 2280 491 2319 t
505 2276 667 2338 ceterasque
681 2262 762 2321 urbes
778 2260 822 2321 si*

137 2339 208 2399 mili
227 2336 317 2398 modo
332 2336 437 2397 deditas
453 2338 482 2397 in
494 2338 582 2416 fidem
599 2340 718 2417 accepit.
739 2339 821 2401 Hinc

139 2418 173 2479 in
188 2438 312 2500 regnum
328 2414 453 2494 Sophitis
467 2436 634 2495 perventum
646 2436 697 2480 cst.
712 2417 793 2479 Gens
806 2436 823 2487 ,'

139 2517 175 2559 ut
195 2496 334 2566 barbari,
358 2496 495 2574 sapientia
518 2497 658 2567 excellit,
682 2497 823 2576 bonisque

139 2578 275 2638 moribus
292 2575 410 2657 regitur.
425 2573 549 2637 Genitos
564 2577 669 2637 liberos
685 2596 745 2638 non
764 2596 819 2655 pa·

139 2675 258 2718 rentum
272 2655 390 2716 arbitrio
405 2657 512 2716 tollunt
529 2656 684 2733 aluntque;
706 2657 752 2717 sed
767 2676 823 2718 eo*

140 2758 206 2798 rum
230 2734 334 2815 quibus
355 2736 498 2813 spectandi
518 2736 669 2799 infantium
690 2735 818 2798 habitum

140 2836 211 2877 cura
222 2816 357 2876 mandata
370 2832 422 2876 est.
435 2814 465 2875 si
476 2836 547 2893 quos
557 2816 681 2895 insignes
696 2834 746 2878 aut
761 2817 820 2877 ali-

140 2897 493 2976 qua-membrorumpane
501 2895 821 2977 inutilesnotauerunr5
