2350 3967
293 517 492 585 LIBER
527 520 655 589 Vlll.
752 544 815 607 4ητ

115 630 196 694 duos
215 623 383 708 sagittarios
401 625 437 684 ab
449 639 570 701 utroque
581 624 670 685 latere
690 622 812 706 disposi-

118 730 191 784 tos3
214 706 310 768 ceteri
327 705 429 785 aurigae
441 724 545 772 erant,
566 704 640 765 haud
653 727 720 767 sane
737 710 815 770 incr-

117 811 204 858 mes,
215 787 329 865 quippe
341 784 611 863 jacula'complura‚
621 786 669 845 ubi
681 789 813 851 cominus

120 865 323 950 praeliandum
333 863 526 931 erat‚otnissis
535 861 691 925 habenisin
700 864 813 931 hostem

120 948 317 1031 ingerebant.
341 943 478 1003 Ceterum
495 943 545 1004 vix
561 944 637 1003 ullus
650 966 715 1010 usus
729 946 814 1025 hujus

122 1027 232 1090 auxilii
245 1046 287 1087 eo
299 1024 345 1084 die
357 1023 421 1082 fuit.
436 1022 591 1099 Namque,
612 1042 736 1102 utsupra
750 1028 814 1089 dic-

124 1127 190 1170 tum
206 1123 277 1175 est,
292 1105 386 1164 imber
396 1101 548 1164 violentius
559 1122 646 1180 quarn
658 1106 816 1175 aliasfusus

124 1206 254 1265 campos
278 1182 403 1246 lubricos
423 1199 451 1242 et
470 1183 667 1259 inequitabiles
685 1185 814 1248 feceratr

116 1272 326 1348 gravesque,
352 1280 383 1322 et
409 1261 619 1339 propemodum
650 1263 824 1327 immobiles

128 1366 230 1407 currus
263 1342 367 1404 illuvie
396 1358 425 1400 et
455 1341 639 1433 voraginibus
663 1341 816 1407 haerebant.

130 1426 247 1486 Contra
258 1420 427 1483 Alexander
440 1423 574 1560 ‚expedito
586 1442 619 1482 ac
631 1422 688 1484 levi
698 1425 821 1505 agmine

131 1522 248 1567 strenue
259 1504 392 1565 invectus
404 1518 455 1561 est.
489 1498 578 1577 cythae
588 1519 617 1561 et
628 1501 718 1562 Dahae
729 1504 816 1581 primi

131 1586 270 1645 bruttium
284 1583 414 1649 invasere
425 1580 509 1640 Indos
525 1602 534 1642 e
550 1580 703 1645 Perdiccan
715 1584 816 1647 deinde

134 1684 201 1725 eum
220 1662 367 1744 equitibus
387 1660 415 1719 in
429 1659 560 1721 dextrum
579 1682 669 1721 cornu
689 1660 816 1727 hostiurn

134 1744 239 1807 emisit.
263 1743 337 1809 Jarn
352 1740 476 1816 undique
494 1759 588 1821 pugna
605 1760 635 1801 se
655 1761 785 1805 moverat
804 1766 817 1817 ς

137 1824 257 1893 eumii,
278 1820 330 1900 qui
341 1840 437 1881 currus
447 1822 583 1899 agebant,
597 1820 665 1879 illud
679 1820 816 1885 uliimum

136 1902 281 1963 auxilium
300 1918 419 1961 suorum
433 1899 509 1967 rati,
534 1898 627 1971 effusis
647 1898 764 1961 habenis
784 1904 816 1962 in

138 1982 267 2041 inedium
276 1978 432 2039 discrimen
442 1997 522 2038 ruere
534 1996 691 2055 coeperunt.
700 1982 816 2059 Anceps

107 2123 116 2129 ,
139 2057 166 2124 id
183 2061 298 2122 malunt
315 2056 440 2135 utrisque
457 2074 534 2126 erar:
549 2078 617 2119 nant
635 2076 663 2117 et
676 2060 817 2121 Macedo·

139 2157 207 2200 num
226 2140 339 2218 pedites
355 2136 451 2214 primo
467 2139 575 2215 impetu
596 2140 816 2213 obterebantut;

143 2234 170 2277 et
184 2239 236 2297 per
251 2218 364 2280 lubrica
382 2233 466 2294 atque
483 2217 561 2277 invia
580 2217 699 2283 inttnissi
720 2238 816 2283 currus

142 2299 326 2359 excutiebant
354 2316 432 2365 eos,
462 2317 479 2355 a
506 2296 607 2374 quibus
636 2301 819 2380 regebantur.

144 2374 279 2440 Aliorum
307 2374 411 2437 turbati
435 2375 500 2453 equi
526 2376 638 2439 nonin
666 2379 818 2457 voragines

145 2456 232 2517 modo
254 2458 453 2531 lacunasque,
474 2453 522 2515 red
543 2456 630 2516 etiam
650 2456 678 2515 in
700 2472 826 2519 amneml

145 2537 354 2614 praecipitavere
371 2534 520 2595 curricula.
535 2533 624 2595 Pauci
638 2551 736 2596 tamen
752 2534 819 2596 hos·

148 2612 216 2673 rintn
236 2633 322 2677 renus
342 2614 440 2674 exacti
454 2630 638 2693 penetravere
657 2614 822 2677 adaperum'

147 2694 282 2756 acerrime
299 2714 427 2775 pugnarn
443 2696 576 2757 cientem.
589 2695 615 2755 Is
627 2710 658 2755 ut
671 2696 818 2773 dissipatos

150 2774 818 2853 totaacieeurtusvagaritinerectoribusvidit3

150 2851 285 2992 proximis
306 2853 467 2913 anticorum
487 2853 624 2926 distribuit
641 2854 819 2932 elephantos,

103 2954 104 2959 ¹
173 2948 215 2992 ost
236 2952 289 2994 eos
316 2947 449 3015 posuerat
475 2932 581 3015 pedites
606 2954 640 2997 ac
661 2933 821 3015 sagittarios

653 3030 725 3123 (ἐς
