2350 3967
349 412 545 505 aratu
583 432 708 510 vrri.
804 458 861 531 4⁶3

180 536 260 622 dam.
281 539 369 608 Meos
389 545 463 603 enim
477 558 606 605 noveram
624 543 724 615 vires,
745 545 865 608 nondum

181 640 318 703 expertus
336 638 399 682 tuas
412 620 577 699 :fortiorem
588 644 650 683 esse
661 640 711 695 te,
732 624 797 684 delli
814 626 865 686 do-

180 704 244 766 cuit
254 718 382 767 eventus,
394 699 451 762 Sed
461 724 495 769 ne
507 702 549 761 sic
560 702 668 795 quidem
676 716 774 785 parurn
783 704 863 781 seliot

180 802 269 851 sumt
288 780 427 842 secundus
441 780 506 844 tibia
524 782 630 843 Rursus
652 802 861 867 interrogatus,

179 861 250 943 quid
261 860 323 939 ipse
333 860 466 921 victorem
476 877 598 921 statuere
610 860 706 921 dedere
717 878 860 939 censeret}

178 940 256 1023 qued
277 938 323 1001 hic
338 980 350 1011 ,
368 940 482 1019 iuquit,
503 938 566 1000 dies
586 939 638 1000 ribi
659 940 756 1002 suadet
776 971 786 1005 .·
809 964 860 1023 quo

180 1035 318 1100 expertus
338 1038 369 1079 es
378 1062 390 1090 ,
412 1025 493 1099 quum
509 1019 613 1080 caduco
627 1017 757 1095 felicitas
772 1041 860 1087 esset·

179 1086 251 1162 Pius
267 1099 414 1160 monendo
425 1099 566 1176 profecit,
584 1118 671 1177 quam
691 1102 713 1163 si
729 1122 859 1181 precatus

179 1198 268 1241 esset.
292 1177 409 1258 Quippe
433 1179 659 1259 magnitudinem
682 1182 771 1242 animi
796 1184 857 1262 ejus

172 1258 364 1329 interritam,
385 1281 419 1320 ac
434 1276 471 1318 ne
488 1260 601 1319 fortuna
618 1259 732 1342 quidem
747 1262 855 1322 infrac-

174 1354 267 1407 tam,
285 1354 344 1399 non
364 1339 556 1400 misericordia
571 1337 683 1407 modo,
701 1342 748 1399 sed
768 1341 856 1402 etiam

176 1418 296 1480 honore
309 1419 441 1497 excipere
456 1420 585 1499 dignatus
602 1436 654 1481 est.
666 1414 786 1499 AEgrum
802 1442 855 1481 cu·

174 1498 256 1563 ravit
269 1497 342 1559 haud
353 1518 453 1568 secus,
464 1518 549 1577 quam
562 1498 584 1559 si
596 1518 648 1575 pro
659 1497 721 1575 ipso
731 1521 855 1583 pugnas-

174 1598 242 1641 set:
255 1578 456 1639 confirmatum
468 1596 567 1639 contra
583 1594 661 1655 spem
675 1582 807 1641 omnium
823 1580 853 1639 in

173 1658 341 1721 amicorum
359 1672 512 1720 numerum
530 1658 636 1736 recepit
649 1682 657 1719 :
670 1680 741 1719 mox
759 1660 853 1721 dona·

151 1798 158 1811 ,
173 1738 221 1803 vit
231 1739 374 1817 ampliore
385 1752 491 1819 regno,
502 1758 588 1816 quam
598 1739 698 1799 tenuit.
710 1738 740 1799 N
741 1761 774 1802 ec
784 1761 852 1803 sane

170 1816 332 1899 quidquam
360 1819 510 1900 ingenium
535 1819 596 1897 ejus
626 1818 770 1890 solidiue,
803 1838 852 1881 aut

169 1899 353 1961 constantius
377 1898 495 1968 habuit,
519 1917 606 1977 quarn
631 1899 851 1959 admirationem

172 2000 253 2040 vetae
272 1979 362 2040 laudis
383 1996 412 2039 et
425 1978 524 2061 gloriae
545 2000 553 2037 ε
575 1978 729 2055 simplicius
753 1996 851 2037 tamen

171 2048 285 2120 famam
301 2060 456 2120 estimabat
466 2057 495 2117 in
511 2056 614 2126 hoste,
628 2078 713 2134 quam
729 2056 759 2115 in
774 2058 851 2119 cive.

173 2137 387 2216 Quippoasuis
396 2139 526 2199 credebat
535 2136 760 2217 magnitudinem
769 2156 849 2197 suam

169 2215 279 2296 destrui
287 2218 528 2296 posse3eamdern
538 2216 776 2288 clarioremfore‚
790 2236 849 2297 quo
934 2250 937 2257 ·

168 2297 299 2378 majores
312 2298 449 2369 fuissent,
465 2320 537 2377 quos
547 2298 607 2377 ipse
617 2296 742 2363 vicisset·

462 2548 559 2664 ote

465 2651 558 2721 sc
