2350 3967
318 555 422 618 'cedere
445 549 535 624 urbe,
561 552 722 616 estendere
746 551 778 613 itt
803 571 916 634 campo.
950 551 1006 617 Sed

322 633 454 698 Perdicca
466 653 502 694 ne
512 633 742 712 peditesquidem
750 651 900 692 secuntros
911 634 1008 710 ipsunt
1090 634 1091 657 ³

323 713 513 792 desperabat:
531 713 627 790 itaque
645 734 682 774 ne
702 711 874 771 abducendo
897 714 1012 789 equites¹

324 793 498 871 abrupissea
518 813 615 854 cetero
634 791 760 854 exercitu
776 791 953 860 videretur,
973 790 1010 853 in
1037 841 1041 848 .
1090 800 1091 843 f

324 875 395 936 urbe
411 871 540 934 substitit.
1090 880 1091 889 ¹

367 952 446 1014 Cer.
458 951 541 1014 VIII.
554 951 595 1010 At
604 948 753 1037 Meleager
763 968 864 1030 regem
881 948 1008 1011 monere

326 1049 388 1092 non
407 1027 532 1098 destitit,
551 1029 600 1108 jus
622 1026 731 1107 imperti
751 1023 900 1087 Perdicca
920 1047 1007 1088 morte

328 1106 507 1200 sanciendum
526 1127 589 1168 etse
613 1133 623 1167 .·
650 1105 680 1166 ni
706 1126 771 1166 occu
789 1125 851 1196 etur
867 1106 1010 1195 impotens

328 1207 465 1258 erremus,
487 1207 533 1247 res
556 1204 728 1249 amaturum.
785 1203 924 1245 emtnrsse
946 1205 1006 1246 eurr

279 1321 283 1328 .
329 1265 442 1347 quidde
456 1286 521 1346 rege
534 1263 701 1332 meruisset,
723 1258 1006 1324 aeminemmrterner‘
1091 1310 1092 1317 κ

330 1341 501 1426 torisfidum
513 1364 597 1408 esse,
616 1362 694 1422 quem
709 1360 825 1404 metuat.
838 1341 905 1403 Rex
915 1343 1009 1420 patie-

331 1425 413 1491 batur
432 1425 544 1506 magis‚
567 1443 653 1500 quam
669 1422 887 1482 assentiebatur.
905 1423 1009 1499 Itaque

333 1505 482 1586 Meleager
499 1503 642 1562 silentium
663 1521 715 1577 pto
732 1501 857 1578 imperio
877 1501 981 1562 habuit
993 1541 1008 1570 ,

333 1584 464 1660 misitque
478 1582 551 1664 tegis
565 1581 704 1648 nomine,
724 1580 773 1656 qui
786 1579 947 1640 Perdiccan
957 1600 1007 1642 ac·

333 1680 484 1725 certarent.
492 1661 596 1722 iisdem
602 1659 784 1727 mandatum,
794 1675 825 1718 ut
836 1657 1008 1728 occiderent,

333 1737 362 1799 si
378 1742 475 1800 venire
492 1737 640 1800 dubitaret.
660 1737 791 1797 Perdicca
803 1739 939 1798 nuntiato
962 1759 1010 1800 sa·

332 1819 458 1880 tellitum
470 1818 612 1886 adventu,
625 1816 768 1877 sexdecim
779 1816 903 1878 omnino
913 1816 1009 1894 puetis
1092 1856 1093 1877 r

233 1939 239 1950 .
334 1898 421 1980 regia
436 1897 563 1958 cohortis
580 1895 730 1956 comitatus
745 1896 775 1954 in
787 1895 891 1956 limine
906 1895 1011 1957 domus

336 1997 391 2038 suae
410 1977 557 2048 constitit3
574 1976 799 2056 castigatosque,
818 1992 848 2036 et
863 1971 1012 2056 Meleagri

336 2055 475 2134 mancipia
491 2054 655 2116 idemtidem
672 2055 840 2131 appellans,
859 2053 903 2114 sic
918 2053 1011 2114 animi

336 2136 485 2210 vultusque
497 2133 656 2194 constantia
664 2133 785 2201 terruit,
799 2149 831 2192 nt
842 2132 898 2194 vix
905 2133 1012 2196 mentis

334 2230 484 2288 compotes
500 2213 639 2293 fugerent.
655 2212 787 2271 Perdicca
803 2232 910 2288 pueros
925 2231 1012 2290 equos

335 2287 415 2368 jussit
426 2287 611 2350 conscendere
624 2309 636 2360 ,·
657 2307 766 2350 etcum
779 2285 878 2368 paucis
893 2291 1012 2352 amico·

336 2389 401 2430 rum
412 2369 445 2428 ad
458 2367 638 2432 Leonnatum
649 2369 777 2444 pervenit
787 2391 797 2442 3
808 2369 868 2446 jam
880 2369 1013 2432 firmiore

334 2448 534 2528 presidiovim
547 2448 786 2524 propulsatores,
802 2449 824 2508 si
841 2449 905 2526 quis
919 2451 1008 2527 infer7

335 2545 390 2588 set.
409 2527 525 2588 Postero
545 2525 591 2586 die
609 2527 784 2607 indigna-res
802 2527 1012 2590 Macedonibus

249 2675 256 2685 ,
318 2606 501 2674 'videbatun
519 2605 671 2665 Perdiccan
685 2607 718 2668 ad
730 2606 832 2665 mortis
846 2608 1007 2683 periculum

336 2685 511 2758 adductuma
526 2700 554 2743 et
567 2683 704 2766 Meleagri
716 2684 910 2746 temeritatem
923 2686 1007 2748 armis

332 2765 425 2838 titum
438 2763 480 2824 ite
494 2765 684 2825 decreverant.
696 2763 792 2856 titque
801 2764 854 2824 ilie
869 2765 1010 2826 seditione

327 2841 463 2924 mutua,
482 2862 550 2908 cunt
565 2862 666 2927 regent
678 2842 779 2908 adura
788 2883 807 2918 a
825 2843 1013 2935 Interrogare
