2350 3967
372 452 433 539 '453
552 452 596 536 Q.
637 452 881 519 CURTll

369 554 503 635 temporis
513 574 654 633 repressus
662 576 704 617 est
712 557 969 630 imberqceterutn
978 550 1065 615 adeo

370 640 461 717 spisse
480 637 627 697 intendere
648 655 678 696 se
697 638 811 704 nubes,
835 653 869 695 ut
891 636 1067 695 conderent

367 720 484 785 lucem,
505 718 611 793 vixque
627 716 859 792 colloquentium
876 716 956 773 intet
976 716 1063 793 ipsos

365 797 452 859 facies
474 798 672 858 noscitaretut.
694 794 852 855 Terruisset
877 794 974 855 alium
996 796 1060 853 ob-

366 876 451 937 ducta
468 896 528 935 nott
540 878 639 943 coelo,
658 896 725 935 cunt
738 875 840 956 ignoto
856 894 948 933 amne
967 872 1060 933 navi-

367 958 494 1038 gandum
513 974 610 1022 esset,
632 953 750 1013 forsitan
769 953 851 1014 hoste
871 971 942 1013 eam
959 953 1058 1029 ipsam

367 1037 483 1112 ripam,
500 1056 586 1110 quam
597 1034 669 1095 coeci
682 1053 765 1111 atque
779 1033 961 1111 improvidi,
974 1050 1057 1093 etex

365 1115 496 1194 periculo
523 1114 649 1195 gloriam
674 1131 849 1173 accersentes
880 1114 1055 1187 petebant,

367 1213 539 1271 occupante.
550 1192 783 1260 Obscntitatem‚
794 1208 855 1269 quae
867 1209 984 1252 ceteros
994 1209 1055 1251 ter·

366 1278 466 1340 rebat,
478 1294 557 1335 suam
570 1273 753 1333 occasionem
765 1290 860 1338 tatus,
871 1271 944 1331 dato
956 1273 1054 1351 signo,

366 1371 400 1417 ttt
422 1374 523 1413 omnes
546 1352 660 1412 silentio
686 1351 872 1411 ascenderent
895 1351 929 1409 in
952 1370 1053 1419 rates,

368 1452 429 1493 earn
442 1453 494 1502 qua
506 1432 564 1503 ipse
575 1428 744 1499 vehebatur,
768 1429 884 1503 primurn
902 1429 985 1507 jussit
999 1450 1052 1489 ex-

365 1509 448 1594 pelli.
471 1511 569 1571 Vacua
588 1528 649 1569 etat
670 1512 706 1569 ab
726 1508 853 1569 hostibus
875 1508 967 1585 ripa,
991 1530 1051 1587 quat

368 1594 534 1670 petebaturs
547 1589 650 1667 quippe
659 1587 750 1649 adhuc
758 1588 847 1648 Porus
857 1587 1050 1649 Ptolemaeum

369 1689 481 1732 tantum
496 1671 665 1729 intuebatur.
683 1670 751 1728 Una
767 1686 841 1747 ergo
855 1669 949 1737 navi,
965 1686 1050 1745 quam

368 1768 455 1828 pettte
480 1746 580 1808 fluctus
603 1748 741 1817 illiserat,
771 1746 922 1819 haerente,
950 1767 1050 1807 ceterae

366 1828 492 1889 eradunt
503 1850 512 1898 3
524 1846 655 1907 urinaque
667 1846 766 1906 cupere
779 1824 884 1885 milites
896 1867 907 1896 ‚
925 1843 957 1887 et
968 1826 1010 1887 ire
1022 1827 1051 1886 in

369 1905 485 1970 ordines
499 1907 587 1984 jussit.

408 1981 608 2048 esnxtv.
626 1986 749 2063 Jamque
766 2004 871 2065 agmen
891 1984 921 2045 in
941 2006 1051 2047 cornua

371 2066 494 2127 divisum
508 2066 568 2141 ipse
580 2064 701 2125 ducebat
710 2088 720 2125 s
729 2086 796 2125 cunt
807 2063 887 2123 Poto
900 2069 1052 2127 nuntiatus

368 2145 456 2207 amis
477 2143 599 2217 virisque
622 2144 711 2219 ripam
733 2142 876 2213 obtineri,
908 2162 936 2203 et
960 2165 1051 2205 serum

366 2222 466 2284 adesse
476 2219 638 2285 discrimen.
648 2224 791 2299 Acpritno
804 2223 924 2282 humani
937 2224 1051 2305 ingenii

366 2303 440 2367 vitio
457 2303 516 2378 spei
537 2324 593 2361 suae
606 2304 774 2384 indulgens,
794 2303 961 2372 Abisaren,
981 2303 1051 2363 belli

368 2384 502 2449 socium,
526 2386 541 2457 <
561 2393 592 2441 'et
611 2383 648 2443 ita
674 2383 873 2454 convenerat)
894 2384 1050 2443 adventare

287 2487 293 2495 ·
368 2462 511 2525 credebat.
542 2462 615 2521 Mox
639 2463 788 2539 liquidiore
809 2460 874 2522 luce
900 2464 1047 2539 aperiente

369 2542 506 2607 hostem,
522 2560 539 2599 c
558 2541 727 2621 quadrigas,
745 2558 774 2600 et
790 2560 831 2599 ιιι
848 2542 942 2601 millia
965 2542 1046 2618 equi-

369 2639 432 2683 tum
450 2621 574 2681 venienti
598 2622 705 2701 agmini
722 2620 811 2681 Porus
833 2624 955 2693 obiecit.
976 2623 1045 2683 Dux

368 2719 430 2760 etat
445 2701 614 2777 copiatum,
631 2722 699 2776 quas
711 2701 866 2777 praemisit,
883 2700 981 2782 Hages
992 2702 1047 2761 fta·

323 2816 328 2826 ι
369 2778 504 2854 teripsius
514 2802 522 2838 s
534 2800 644 2839 summa
653 2780 757 2839 virium
767 2779 795 2837 in
808 2781 949 2842 curribus.
958 2782 1046 2841 Senos

368 2856 445 2923 titos
466 2858 571 2939 singuli
592 2858 754 2931 vehebant,
777 2858 850 2923 duos
875 2861 1045 2941 clypeatos,
1081 2912 1090 2941 ,

980 2960 1047 3023 duos
