2350 3967
321 477 516 544 LIBER
555 481 678 548 Vm.
773 505 834 558 «μμ

144 579 256 663 parari
275 581 355 642 nulla
372 600 510 658 poterat,
535 583 610 648 haud
632 586 692 646 alio
713 584 837 656 animo,

150 683 251 742 quam
266 663 391 741 parentis
401 681 569 742 aspexerat3
584 683 652 726 tunc
664 667 694 726 in
706 686 838 726 amorem

149 742 359 824 virgunculte,
386 743 410 802 si
428 744 511 823 regiae
533 744 612 822 stirpi
628 764 835 823 comparetur,

149 821 321 902 ignobilis,
344 822 385 882 ita
405 823 507 883 effusus
530 840 603 892 est,
625 843 656 884 ut
677 825 781 886 diceret
800 821 837 883 ad

151 897 361 961 stabiliendum
377 921 492 981 regnum
505 901 667 978 pertinere,
688 899 792 966 Persas
810 919 838 964 et

153 976 339 1040 Macedones
354 979 488 1041 connuhio
500 979 583 1061 jungi
594 1008 604 1042 .·
616 980 666 1042 hoc
685 1003 737 1044 uno
757 979 836 1044 modo

156 1077 192 1120 et
204 1057 338 1140 pudorem
352 1059 460 1129 vitris,
478 1059 670 1142 etruperbiam
685 1060 836 1125 victoribus

157 1136 272 1200 detrahi
280 1157 372 1212 posse.
382 1134 648 1218 Achillemquoque,
660 1162 677 1201 a
687 1163 736 1220 quo
744 1160 835 1221 gertus

155 1217 170 1278 ι’
190 1237 224 1290 re
236 1215 400 1287 deduceret,
413 1238 475 1279 cum
490 1217 601 1298 captiva
616 1228 707 1280 coisse
718 1248 727 1280 .·
739 1241 774 1280 ne
787 1220 834 1279 r'n-

144 1238 227 1374 jgm·
251 1293 334 1368 nefas
354 1295 578 1367 arbitrarentur,
603 1296 645 1358 ita
668 1297 835 1360 matrimonii

151 1377 223 1456 jure
234 1373 307 1435 velle
314 1375 407 1456 jungi.
417 1377 563 1455 Insperato
571 1377 678 1468 gaudio
694 1379 771 1440 letus
784 1397 836 1455 pa·

155 1473 205 1518 tet
221 1473 386 1516 sermonem
403 1456 463 1536 ejus
479 1475 612 1535 excepttt
630 1473 659 1518 et
672 1477 722 1518 tex
737 1457 834 1518 medio

154 1534 321 1612 cupiditatis
332 1534 431 1596 ardore
444 1535 523 1614 jussit
536 1531 632 1614 afferri
645 1535 738 1616 patrio
752 1557 834 1599 more
918 1545 923 1553 '

152 1633 272 1697 panem.
289 1612 357 1675 Hoc
372 1632 435 1675 erat
443 1615 517 1694 apud
529 1615 703 1678 Macedones
719 1616 835 1678 sanctie·

155 1694 268 1755 simum
286 1692 454 1756 coeuntium
467 1694 588 1776 pignus3
609 1715 694 1773 quem
711 1696 833 1761 divitum

154 1772 259 1855 gladio
281 1790 398 1850 uterque
419 1773 536 1836 libabat.
559 1774 655 1836 Credo
676 1793 752 1845 eos,
784 1774 835 1855 qui·

178 1852 253 1913 entis
262 1873 357 1914 mores
375 1853 581 1922 condiderunt,
594 1875 688 1933 ¹parco
701 1873 730 1916 et
746 1877 832 1932 pera·

153 1873 211 1994 fiili
236 1931 316 1993 rictu
339 1932 484 1994 ostendere
507 1933 630 1995 voluisse
655 1933 832 2014 jungentibus

155 2031 250 2092 opes,
263 2013 401 2090 quantulo
410 2011 536 2074 contenti
544 2031 603 2072 esse
613 2012 755 2074 deberent.
763 2013 832 2076 Hoc
900 2012 902 2016 ’
998 2069 1003 2078 .

154 2091 250 2154 modo
261 2110 312 2150 rex
324 2092 399 2152 Asiae
410 2110 440 2152 er
450 2091 771 2170 Europaesintroductetn
785 2092 833 2154 in·

154 2189 201 2232 tet
219 2169 387 2231 convivales
405 2171 486 2232 ludos
503 2171 689 2234 matrimonio
706 2171 759 2236 sibi
777 2172 830 2236 ad·

154 2249 252 2345 junxit
263 2289 274 2319 ‚
289 2269 306 2309 e
317 2250 427 2326 captiva
437 2251 600 2332 geniturus,
617 2253 666 2330 qui
676 2252 830 2321 victoribus

152 2344 322 2408 tmperaret.
338 2327 463 2390 Pudebat
474 2331 787 2409 amicoseupervinum
800 2349 830 2394 et

152 2412 255 2489 epulas
275 2428 409 2470 socerum
433 2429 470 2470 ex
485 2409 584 2470 deditis
601 2430 660 2470 esse
682 2412 827 2474 electum:
882 2420 885 2425 '

153 2490 201 2550 ted
226 2505 295 2568 post
318 2486 389 2550 Cliti
417 2489 522 2550 cedem
545 2489 674 2550 libertate
697 2489 827 2560 sublata,

151 2569 256 2638 vultu,
294 2568 324 2627 ui
338 2568 464 2628 maxime
475 2569 578 2638 servit,
596 2568 828 2632 assentiebantur.

191 2649 274 2710 Cet.
314 2691 323 2709 .
336 2646 472 2708 Ceterum
483 2648 610 2717 Indiam,
620 2666 648 2710 et
657 2647 721 2708 inde
730 2646 829 2713 Ocea·

149 2749 223 2791 num
234 2726 376 2806 petiturus
386 2767 397 2795 ,
409 2747 447 2787 ne
457 2728 524 2804 quid
533 2751 550 2789 a
559 2746 640 2809 tergo
652 2767 662 2796 ‚
673 2727 748 2806 quod
761 2729 826 2789 dee·

148 2810 238 2872 einata
250 2807 392 2884 impedire
401 2822 511 2882 posset,
523 2826 686 2869 moreretur
696 2830 705 2879 ;
716 2827 752 2866 ex
762 2827 824 2868 orn·

145 2886 230 2954 tribus
243 2883 405 2971 provinciis
418 2904 439 2947 x
449 2904 497 2955 xx
513 2884 603 2948 millt'a
615 2887 755 2968 juniorum
768 2885 826 2976 legi
