2350 3967
337 448 564 521 'LIBER
606 459 648 523 V.
789 484 844 539 ²49

155 577 230 623 sunt
246 554 399 647 mollioris
416 558 471 619 soli
485 596 497 628 ,
520 580 572 638 per
587 560 665 638 quod
680 560 740 625 leni
755 578 847 629 tractu

156 659 308 719 aquarum
320 636 439 697 Persico
446 639 519 699 mari
529 659 559 701 se
567 640 703 705 insinuat.
715 642 846 704 Alexan·

158 720 214 780 det
234 758 247 789 ‚
268 736 360 777 amne
381 733 544 788 sunesato,
568 738 636 781 cunt
658 722 846 785 tx.millibut

159 798 327 878 peditum,
357 812 388 854 et
408 791 544 877 Agrianis
568 815 653 875 atque
676 798 844 865 Gntconun

95 944 99 952 ,
161 874 353 939 mercenariis
373 872 500 936 millibus
520 894 584 945 111,
603 878 701 939 additis
719 878 844 943 miilibus

162 953 537 1036 Thracum‚inregionem
547 956 694 1019 Uxiorum
741 959 844 1023 tvenit.

164 1033 307 1097 Finitima
317 1030 394 1093 Susis
406 1050 469 1102 est,
487 1035 690 1113 etiuprintant
723 1038 843 1103 crsideut

163 1112 316 1180 excurrit,
336 1128 449 1173 arctum
461 1113 536 1175 inter
547 1135 577 1176 se
592 1134 624 1176 et
634 1116 766 1179 Susianos
779 1117 842 1179 adi*

166 1209 228 1253 tum
239 1191 416 1268 relinquens.
426 1192 553 1255 Madates
561 1213 622 1255 etat
631 1194 711 1273 hujus
720 1196 843 1276 regionis

164 1273 343 1352 prefectus,
368 1270 442 1351 baud
465 1293 533 1333 sane
555 1292 719 1352 temporum
740 1274 843 1341 homo.

166 1351 289 1429 Quippe
298 1350 402 1410 ultima
410 1370 463 1427 pto
475 1351 528 1411 fide
536 1354 659 1430 expetiti
668 1355 843 1419 decreverat·

167 1430 223 1493 Sed
245 1428 330 1507 periti
347 1430 482 1491 locorum
497 1432 693 1493 Alexandrum
710 1430 842 1503 docent,

164 1507 307 1570 occultunt
317 1505 372 1567 iter
383 1528 447 1569 esse
453 1508 615 1587 percellet,
633 1528 794 1573 staversutn
807 1508 842 1573 ab

164 1588 245 1649 urbe.
268 1583 302 1647 Si
321 1605 424 1677 paucos·
442 1587 567 1651 misisset
581 1588 681 1651 leuiter
697 1608 842 1663 armatos,

160 1687 250 1748 supet
263 1684 358 1745 capno
369 1664 488 1727 hostium
504 1689 645 1733 ausuros.
658 1669 734 1731 Cunt
746 1670 842 1733 consi·

162 1748 242 1809 lium
266 1746 437 1824 placuisset,
462 1746 549 1807 iidem
570 1748 704 1811 itinerum
727 1751 842 1823 fuerunt
915 1776 918 1785 ‘

162 1824 264 1889 duces.
290 1841 318 1886 n
346 1840 376 1885 et
405 1847 426 1887 t>
451 1824 579 1889 mercede
606 1830 772 1899 conducti,
812 1848 842 1893 et

163 1905 291 1988 Agriani
310 1903 369 1965 fere
385 1926 411 1965 nt
426 1904 556 1967 Tauroni
566 1910 698 1983 prafecto
714 1909 792 1977 dati,
807 1930 842 1973 ac

162 2004 232 2066 post
247 1981 321 2044 solis
337 2003 464 2045 occasum
481 1984 535 2045 iter
553 1984 666 2066 ingredi
684 1987 760 2066 jussi.
778 1988 842 2065 lpse

161 2064 362 2143 tertiavigilin
373 2065 470 2125 castris
485 2065 572 2125 motis
580 2066 654 2127 circa
664 2066 734 2127 lucis
748 2083 842 2129 ortum

162 2162 349 2223 mperavetat
375 2144 543 2225 angustias,
570 2166 695 2225 caesaque
722 2145 841 2208 materia

162 2224 291 2286 cratibus
305 2240 336 2283 et
349 2222 451 2299 pluteis
466 2223 622 2296 faciendis,
642 2243 673 2287 ut
687 2226 734 2303 qui
750 2245 840 2289 turres

163 2304 375 2370 admouerent,
392 2317 471 2361 extra
486 2304 537 2363 teli
550 2304 640 2365 ictum
655 2322 767 2375 essent,
787 2326 839 2367 ut·

163 2385 230 2444 bem
242 2382 374 2443 obsidete
383 2382 479 2459 cotpit.
489 2382 628 2461 Praerupta
638 2404 718 2445 erant
728 2386 838 2455 omnia,

162 2463 237 2523 sanis
251 2477 284 2522 et
297 2463 411 2523 cotibus
419 2462 566 2538 impedita.
583 2462 683 2523 Multis
692 2484 761 2545 ergo
772 2465 841 2525 vul·

161 2542 276 2603 necibus
291 2540 424 2619 depulsi,
444 2542 589 2618 atquibus
603 2562 662 2601 non
676 2564 743 2603 cum
758 2541 840 2605 hoste

160 2622 283 2707 solutu,
305 2621 355 2682 sed
373 2619 463 2681 etiam
478 2641 546 2680 cutn
560 2621 632 2681 loco
647 2620 840 2684 dimicandum

161 2720 254 2770 esset,
272 2701 409 2761 subibant
422 2716 520 2761 tamen
531 2723 541 2761 s
552 2700 618 2777 quia
631 2720 682 2761 tex
691 2700 768 2762 inter
779 2701 838 2779 pri·

150 2801 224 2845 ,snos
242 2779 417 2841 constiterat
434 2817 446 2846 ‚
468 2778 646 2860 interrogans
663 2798 709 2842 tot
725 2782 839 2845 urbium

155 2860 305 2946 sictotess
324 2880 366 2924 on
381 2854 575 2930 erubescerent
588 2858 691 2932 Ιιωτςτε
710 2859 740 2922 t'n
759 2858 840 2940 obsi:
880 2878 881 2883 ¹
