2350 3967
355 487 414 559 4'22'
534 481 576 562 Q.
617 451 741 542 ciis
760 477 789 541 τ
808 479 861 542 11

354 582 469 646 vidium.
490 577 673 642 Tantundem
693 599 795 660 quoque
812 593 948 662 posteros
969 597 1035 643 sre-

355 661 443 731 dere,
459 681 588 740 quantum
602 679 727 741 praesens
739 679 809 721 aetas
819 658 1035 749 spopondisset.

354 737 475 824 Quodsi
486 741 570 801 ceteri
581 737 705 800 dubitent
718 761 728 812 3
750 756 958 820 semetipsum,
973 761 1033 801 cum

352 841 405 884 reor
422 820 526 881 inisset
539 818 715 888 convivium,
731 833 943 900 prostraturum
959 817 1034 880 inani

353 906 463 982 eorpus.
474 898 586 960 Debere
597 895 774 973 idernfncere
787 913 902 958 ceteros
916 937 927 968 ,
948 915 977 959 et
991 899 1035 958 in-

348 980 449 1062 primis
474 977 614 1061 sapientia
632 974 777 1058 praeditos.
797 972 844 1035 Ab
869 975 937 1036 iilis
960 978 1034 1038 enirn

352 1058 442 1121 cultus
454 1058 485 1118 in
495 1077 586 1137 regem
604 1076 666 1116 esse
680 1052 849 1136 prodendum
861 1055 1035 1138 exemplum.

352 1138 436 1199 Haud
449 1139 584 1217 perplexe
597 1137 627 1196 in
640 1133 837 1196 Callisthenen
854 1135 1034 1218 dirigebatur

354 1220 457 1280 oratio.
470 1216 604 1279 Gravitas
615 1215 669 1277 viri
680 1231 709 1275 et
722 1231 837 1292 promta
848 1215 973 1276 libertas
987 1219 1033 1276 in·

351 1300 411 1361 visa
428 1297 578 1378 osningi,
599 1293 676 1372 quasi
690 1297 767 1356 solus
776 1295 963 1358 Macedonas
977 1317 1029 1375 pa·

352 1397 427 1439 ratos
442 1378 476 1438 ad
489 1380 546 1437 tale
559 1375 725 1453 obsequium
737 1391 913 1437 motaretur.
931 1375 1031 1437 Istum

352 1458 466 1520 silentio
476 1457 572 1524 facto,
588 1476 678 1517 unum
688 1454 772 1514 illum
786 1455 970 1516 intuentibus
980 1476 1029 1516 ce·

352 1538 436 1609 teris3
448 1533 480 1596 Si
490 1556 559 1604 rex,
571 1535 670 1613 inquit,
679 1533 797 1594 sermoni
811 1551 858 1592 ruo
869 1533 1028 1610 adfuissem·

350 1615 454 1676 nuliius
468 1614 588 1696 profesto
602 1633 657 1676 oon
670 1612 827 1694 responsuri
841 1611 897 1672 tibi
913 1612 1029 1675 deside-

350 1714 478 1756 raretur:
490 1693 548 1774 ipse
559 1692 633 1754 enirn
638 1707 743 1774 peteret
750 1733 761 1762 ,
779 1713 814 1753 ne
824 1691 853 1752 in
861 1693 1028 1772 peregrinos

348 1770 420 1834 ritus
435 1771 601 1853 degenerare
612 1792 644 1832 se
659 1789 690 1832 co
711 1790 791 1850 eres,
813 1791 868 1832 neu
881 1771 967 1832 rebus
974 1772 1026 1850 fe·

349 1851 486 1915 licissime
507 1851 600 1934 gestis
626 1791 762 1912 inolitam
786 1848 838 1912 tali
862 1849 1029 1916 adulatione

349 1931 536 1997 contraheres.
555 1928 612 1991 Sed
630 1929 756 2010 quoniam
775 1928 854 1992 abest
867 1973 880 2000 ,
902 1949 956 2010 ego
975 1931 1027 2000 tibi

347 2034 397 2096 pro
409 2011 458 2072 ilio
467 2009 616 2093 respondeo
629 2036 638 2070 .·
651 2007 768 2072 Nullum
783 2029 846 2069 esse
857 2009 988 2072 eumdem
999 2028 1028 2072 et
1088 2043 1089 2060 s

349 2093 505 2155 diuturnum
518 2107 546 2150 et
554 2085 829 2171 praesocemfructum
842 2109 856 2162 ;
876 2087 1027 2152 aoelestes-

367 2191 400 2229 ue
413 2169 532 2229 honores
542 2189 597 2228 non
609 2167 675 2228 dare
690 2187 717 2228 te
731 2167 815 2246 regi,
831 2167 883 2228 sed
900 2167 1028 2245 auferre.

347 2193 498 2311 intervallo
509 2247 582 2307 enirn
594 2267 659 2328 opus
670 2263 730 2316 est,
743 2265 773 2306 ut
783 2247 1026 2322 credatutDeus,
1087 2279 1088 2298 s

347 2325 708 2408 semperquelranegratiom
716 2327 909 2406 magnisviris
936 2330 1026 2392 ostert‘

348 2407 476 2479 reddunt.
493 2402 556 2488 Ego
573 2423 663 2466 autern
679 2425 768 2465 seram
786 2406 896 2470 immons
926 2407 1025 2471 itatem

345 2507 443 2573 precor
450 2485 533 2566 regi,
550 2503 580 2544 us
587 2484 649 2544 sita
658 2483 789 2544 diuturna
799 2485 860 2556 sit,
880 2504 909 2547 et
919 2505 1025 2552 aterna
1086 2491 1087 2526 ³

348 2569 492 2648 majestas,
504 2562 651 2624 Hominem
663 2563 838 2641 consequitur
850 2564 1024 2644 aliquando,

310 2664 314 2671 ’
348 2666 485 2725 nunquam
516 2643 662 2706 comitatur
690 2642 839 2708 diuinitas.
871 2645 1023 2712 Herculem

348 2725 427 2787 rnodo
439 2741 466 2784 et
472 2721 584 2783 Patrem
592 2719 721 2782 Liberum
731 2741 901 2786 consecrator
913 2725 1024 2786 immor·
1085 2747 1086 2769 t

347 2801 471 2864 talitatis
488 2800 613 2881 exempla
631 2799 781 2876 referebas.
794 2801 938 2866 Credisne
957 2804 1021 2864 illos

344 2882 429 2953 unius
440 2881 563 2948 convivii
576 2879 683 2941 decreto
694 2878 775 2945 Deos
784 2879 917 2962 suctos?
937 2882 1022 2946 Prius
1084 2921 1085 2973 p
