2350 3967
313 447 509 514 tinen
548 451 642 530 111q
765 476 817 536 131

138 549 272 630 jectisque
294 550 426 613 amiculo
446 574 475 614 et
494 553 580 612 literis
600 570 666 613 ante
684 553 817 627 lectum3

139 631 219 698 Rex,
239 629 358 707 inquit,
376 652 487 712 semper
496 630 604 711 quidem
614 631 727 713 spiritus
738 653 819 694 meus

140 731 171 770 est
187 728 214 770 te
226 707 389 790 pependit,
409 711 459 771 teti
480 731 552 772 nune
569 729 654 781 oete,
674 711 820 782 arbitror,-

140 809 210 848 tacto
233 806 263 847 et
291 788 450 849 venerabili
477 811 525 850 ore
550 789 679 852 trahitur.
703 789 816 870 Crimen

137 865 308 946 parricidii,
359 869 413 929 uod
431 867 499 929 milti
522 867 653 947 objectum
673 890 738 938 est,
766 890 815 931 tua

139 945 209 1006 sulus
220 945 326 1009 diluet,
341 888 474 1008 ictuatus
490 971 507 1008 a
522 948 662 1008 metitum
678 948 745 1008 milti
760 949 813 1010 tie-

144 1023 221 1089 leris.
244 1023 333 1097 Oro,
358 1047 524 1108 quamque,
549 1029 650 1087 omisso
670 1046 742 1088 metu
760 1049 813 1109 pa·

141 1121 191 1163 tere
216 1103 451 1166 medicamentum
478 1105 584 1187 concipi
608 1105 699 1168 renis.
726 1104 811 1168 Loxit

141 1181 269 1262 paulisper
285 1185 431 1254 animum,
450 1206 526 1263 quem
542 1185 733 1266 intempestiua
750 1183 808 1247 sol-

143 1259 280 1323 licitudine
299 1263 388 1322 amici
404 1285 472 1324 sane
480 1262 601 1343 fideles,
622 1264 676 1324 setl
696 1264 810 1326 moleste

142 1338 221 1400 seduli
246 1343 375 1403 turbant.
400 1345 471 1404 Non
489 1365 619 1404 securum
637 1345 727 1404 modo
750 1344 808 1405 haee

145 1440 216 1487 vox,
231 1423 380 1482 sedetiam
399 1425 495 1482 laetum
509 1443 626 1504 regom,
648 1443 681 1483 ac
690 1424 809 1500 plenum

143 1500 217 1558 bone
235 1503 293 1580 spei
310 1503 393 1564 fecit.
412 1504 530 1579 Itaque,
552 1503 579 1562 si
597 1500 672 1570 Dii,
693 1502 808 1580 inquit,

146 1572 282 1660 Philippa,
303 1580 357 1640 tibi
377 1581 592 1662 permisissent,
612 1600 664 1660 quo
685 1583 808 1641 maxime

144 1655 212 1715 nodo
232 1657 353 1720 animum
373 1658 462 1722 uelles
482 1659 599 1738 experiri
622 1681 729 1730 meum,
750 1658 808 1719 alio

145 1733 255 1811 profecto
270 1737 413 1800 noluisses
434 1765 445 1799 .-
465 1738 514 1798 setl
526 1739 645 1799 certiore
660 1761 738 1818 quam
750 1759 804 1800 ex-

142 1831 227 1890 pertus
238 1838 284 1888 es,
296 1839 331 1878 ne
345 1835 476 1900 optasses
487 1817 606 1886 ciuilem,
615 1817 679 1878 Hac
690 1817 806 1895 epistola

144 1910 263 1974 accepta,
289 1916 406 1970 tomen,
427 1897 495 1976 quoti
514 1897 659 1967 diluerat,
677 1897 744 1958 lili.
766 1893 807 1956 Et

146 1975 315 2048 montecelle,
334 1998 383 2038 rne
403 1998 457 2036 non
480 1976 570 2035 minut
593 1995 641 2052 pro
660 1995 706 2036 tua
717 1973 810 2054 fule,

146 2068 214 2125 quom
226 2077 274 2134 pro
291 2079 353 2118 mea
374 2055 464 2116 salute
479 2075 540 2115 esse
557 2053 719 2117 sollicitum.
736 2055 807 2116 Haec

146 2131 257 2196 elocutus
266 2133 542 2212 dextramPhilippo
551 2133 806 2205 offert.Ceterum,

147 2215 261 2275 sonoris
275 2216 478 2278 medicaminis
494 2215 563 2284 fuit,
583 2233 615 2274 ut
631 2236 691 2290 qnae
709 2232 805 2274 secuta

146 2305 215 2360 sunt,
236 2295 472 2356 criminationem
486 2293 679 2354 Parmenionis
690 2293 806 2372 adjuve-

147 2366 201 2429 rint.
211 2371 379 2436 Intctclttstss
391 2372 503 2450 spiritus
513 2393 588 2434 arcte
603 2375 727 2433 meabat.
739 2372 805 2432 Nec

146 2441 271 2527 Philippus
299 2452 461 2532 quidquam
488 2451 667 2529 inexpertum
696 2449 825 2513 omisit.-

147 2519 318 2594 lllelomenta
329 2529 451 2608 corpori
461 2530 587 2592 admovit
598 2552 610 2602 ς
626 2531 675 2588 ille
685 2547 805 2604 torpen-

146 2617 212 2677 tem,
228 2631 301 2674 nuno
312 2612 392 2678 cibi,
415 2630 489 2669 nunc
507 2609 566 2670 vini
585 2609 803 2676 odoteexcita-

145 2679 188 2744 tit.
208 2689 298 2767 Atque
315 2709 348 2753 ut
367 2691 495 2768 primum
513 2689 615 2750 mentis
636 2702 805 2765 compotem

146 2778 193 2824 csse
203 2770 299 2844 sensit3
313 2769 407 2832 modo
422 2766 518 2828 mattis
530 2784 724 2842 sororumque;
740 2786 809 2824 mo·

145 2838 175 2902 do
191 2859 270 2912 tautoe
288 2847 420 2915 uictoria
441 2843 683 2930 appropinquantis
701 2844 805 2932 admo:
