<?xml version="1.0" encoding="UTF-8"?>
<!DOCTYPE html PUBLIC "-//W3C//DTD XHTML 1.0 Transitional//EN"
    "http://www.w3.org/TR/xhtml1/DTD/xhtml1-transitional.dtd">
<html xmlns="http://www.w3.org/1999/xhtml" xml:lang="en" lang="en">
 <head>
  <title>
</title>
<meta http-equiv="Content-Type" content="text/html;charset=utf-8" />
  <meta name='ocr-system' content='tesseract 3.04.00' />
  <meta name='ocr-capabilities' content='ocr_page ocr_carea ocr_par ocr_line ocrx_word'/>
</head>
<body>
  <div class='ocr_page' id='page_1' title='image "./qcurtiirufidere01rufugoog_0053.png"; bbox 0 0 2350 3967; ppageno 0'>
   <div class='ocr_carea' id='block_1_1' title="bbox 347 447 928 515">
    <p class='ocr_par' dir='ltr' id='par_1_1' title="bbox 347 447 928 515">
     <span class='ocr_line' id='line_1_1' title="bbox 347 447 928 515; baseline -0.003 -10"><span class='ocrx_word' id='word_1_1' title='bbox 347 462 384 515; x_wconf 74' lang='lat'><strong><em>&#39;30</em></strong></span> <span class='ocrx_word' id='word_1_2' title='bbox 450 449 479 504; x_wconf 73' lang='lat' dir='ltr'><strong><em>J,</em></strong></span> <span class='ocrx_word' id='word_1_3' title='bbox 495 447 497 451; x_wconf 67' lang='grc'><strong>’</strong></span> <span class='ocrx_word' id='word_1_4' title='bbox 513 450 703 506; x_wconf 75' lang='lat' dir='ltr'>FREINSH.</span> <span class='ocrx_word' id='word_1_5' title='bbox 736 452 928 507; x_wconf 75' lang='lat' dir='ltr'><strong>SUPPLEM·</strong></span> 
     </span>
    </p>
   </div>
   <div class='ocr_carea' id='block_1_2' title="bbox 316 536 1026 1816">
    <p class='ocr_par' dir='ltr' id='par_1_2' title="bbox 316 536 1026 1816">
     <span class='ocr_line' id='line_1_2' title="bbox 344 536 1026 609; baseline -0.003 -14"><span class='ocrx_word' id='word_1_6' title='bbox 344 540 390 595; x_wconf 84' lang='lat' dir='ltr'><strong><em>&#39;itis</em></strong></span> <span class='ocrx_word' id='word_1_7' title='bbox 402 540 524 596; x_wconf 76' lang='lat' dir='ltr'><strong><em>laboribus</em></strong></span> <span class='ocrx_word' id='word_1_8' title='bbox 541 556 609 593; x_wconf 87' lang='lat' dir='ltr'><strong><em>tutos</em></strong></span> <span class='ocrx_word' id='word_1_9' title='bbox 623 557 668 592; x_wconf 76' lang='lat' dir='ltr'><strong><em>ros</em></strong></span> <span class='ocrx_word' id='word_1_10' title='bbox 675 542 733 606; x_wconf 78' lang='lat' dir='ltr'><strong><em>fore</em></strong></span> <span class='ocrx_word' id='word_1_11' title='bbox 745 559 883 609; x_wconf 83' lang='lat' dir='ltr'><strong><em>persuasum</em></strong></span> <span class='ocrx_word' id='word_1_12' title='bbox 898 536 996 593; x_wconf 83' lang='lat' dir='ltr'><strong><em>habetis</em></strong></span> <span class='ocrx_word' id='word_1_13' title='bbox 1015 554 1026 598; x_wconf 84' lang='grc'><strong><em>,·</em></strong></span> 
     </span>
     <span class='ocr_line' id='line_1_3' title="bbox 347 608 1025 677; baseline 0 -18"><span class='ocrx_word' id='word_1_14' title='bbox 347 624 434 660; x_wconf 66' lang='lat' dir='ltr'><strong><em>certor</em></strong></span> <span class='ocrx_word' id='word_1_15' title='bbox 451 624 479 659; x_wconf 86' lang='lat' dir='ltr'><strong><em>tte</em></strong></span> <span class='ocrx_word' id='word_1_16' title='bbox 494 624 634 677; x_wconf 83' lang='lat' dir='ltr'><strong><em>magnopere</em></strong></span> <span class='ocrx_word' id='word_1_17' title='bbox 648 610 809 675; x_wconf 80' lang='lat' dir='ltr'><strong><em>decipiamini.</em></strong></span> <span class='ocrx_word' id='word_1_18' title='bbox 825 610 924 660; x_wconf 82' lang='lat' dir='ltr'><strong><em>Etenim</em></strong></span> <span class='ocrx_word' id='word_1_19' title='bbox 939 608 1025 675; x_wconf 79' lang='lat' dir='ltr'><strong><em>(quod</em></strong></span> 
     </span>
     <span class='ocr_line' id='line_1_4' title="bbox 347 674 1023 742; baseline -0.006 -14"><span class='ocrx_word' id='word_1_20' title='bbox 347 674 491 738; x_wconf 77' lang='lat' dir='ltr'><strong><em>abominor)</em></strong></span> <span class='ocrx_word' id='word_1_21' title='bbox 509 676 617 742; x_wconf 79' lang='lat' dir='ltr'><strong><em>Philippo</em></strong></span> <span class='ocrx_word' id='word_1_22' title='bbox 624 676 717 727; x_wconf 81' lang='lat' dir='ltr'><strong><em>victore</em></strong></span> <span class='ocrx_word' id='word_1_23' title='bbox 726 677 786 735; x_wconf 74' lang='lat' dir='ltr'><strong><em>„eui</em></strong></span> <span class='ocrx_word' id='word_1_24' title='bbox 794 694 840 727; x_wconf 91' lang='lat' dir='ltr'><strong><em>non</em></strong></span> <span class='ocrx_word' id='word_1_25' title='bbox 848 674 947 727; x_wconf 87' lang='lat' dir='ltr'><strong><em>dubium</em></strong></span> <span class='ocrx_word' id='word_1_26' title='bbox 963 692 1023 732; x_wconf 87' lang='lat' dir='ltr'><strong><em>est,</em></strong></span> 
     </span>
     <span class='ocr_line' id='line_1_5' title="bbox 346 741 1025 811; baseline -0.001 -19"><span class='ocrx_word' id='word_1_27' title='bbox 346 743 407 811; x_wconf 69' lang='lat' dir='ltr'><strong><em>quin</em></strong></span> <span class='ocrx_word' id='word_1_28' title='bbox 419 753 491 808; x_wconf 77' lang='lat' dir='ltr'><strong><em>neque</em></strong></span> <span class='ocrx_word' id='word_1_29' title='bbox 501 759 562 801; x_wconf 82' lang='lat' dir='ltr'><strong><em>ros,</em></strong></span> <span class='ocrx_word' id='word_1_30' title='bbox 576 758 646 807; x_wconf 79' lang='lat' dir='ltr'><strong><em>neque</em></strong></span> <span class='ocrx_word' id='word_1_31' title='bbox 659 743 780 809; x_wconf 79' lang='lat' dir='ltr'><strong><em>quisquam</em></strong></span> <span class='ocrx_word' id='word_1_32' title='bbox 789 743 929 795; x_wconf 79' lang='lat' dir='ltr'><strong><em>Graecorum</em></strong></span> <span class='ocrx_word' id='word_1_33' title='bbox 944 741 1025 793; x_wconf 86' lang='lat' dir='ltr'><strong><em>liber-</em></strong></span> 
     </span>
     <span class='ocr_line' id='line_1_6' title="bbox 347 809 1022 878; baseline 0 -17"><span class='ocrx_word' id='word_1_34' title='bbox 347 824 427 861; x_wconf 78' lang='lat' dir='ltr'><strong><em>tatern</em></strong></span> <span class='ocrx_word' id='word_1_35' title='bbox 437 812 501 861; x_wconf 87' lang='lat' dir='ltr'><strong><em>tueri</em></strong></span> <span class='ocrx_word' id='word_1_36' title='bbox 513 811 613 877; x_wconf 88' lang='lat' dir='ltr'><strong><em>possitis</em></strong></span> <span class='ocrx_word' id='word_1_37' title='bbox 622 815 696 869; x_wconf 88' lang='lat' dir='ltr'><strong><em>(nam</em></strong></span> <span class='ocrx_word' id='word_1_38' title='bbox 709 811 790 873; x_wconf 85' lang='lat' dir='ltr'><strong><em>infide</em></strong></span> <span class='ocrx_word' id='word_1_39' title='bbox 797 809 902 878; x_wconf 80' lang='lat' dir='ltr'><strong><em>Philippi</em></strong></span> <span class='ocrx_word' id='word_1_40' title='bbox 912 811 1022 861; x_wconf 83' lang='lat' dir='ltr'><strong><em>mulsum</em></strong></span> 
     </span>
     <span class='ocr_line' id='line_1_7' title="bbox 349 877 1023 943; baseline 0 -16"><span class='ocrx_word' id='word_1_41' title='bbox 349 893 477 943; x_wconf 87' lang='lat' dir='ltr'><strong><em>reponere,</em></strong></span> <span class='ocrx_word' id='word_1_42' title='bbox 492 894 573 929; x_wconf 88' lang='lat' dir='ltr'><strong><em>eorum</em></strong></span> <span class='ocrx_word' id='word_1_43' title='bbox 582 890 636 936; x_wconf 89' lang='lat' dir='ltr'><strong><em>est,</em></strong></span> <span class='ocrx_word' id='word_1_44' title='bbox 652 878 692 943; x_wconf 74' lang='lat' dir='ltr'><strong><em>piei</em></strong></span> <span class='ocrx_word' id='word_1_45' title='bbox 702 880 781 943; x_wconf 89' lang='lat' dir='ltr'><strong><em>perire</em></strong></span> <span class='ocrx_word' id='word_1_46' title='bbox 790 877 867 928; x_wconf 82' lang='lat' dir='ltr'><strong><em>velint</em></strong></span> <span class='ocrx_word' id='word_1_47' title='bbox 875 892 885 939; x_wconf 75' lang='lat' dir='ltr'><strong><em>p</em></strong></span> <span class='ocrx_word' id='word_1_48' title='bbox 901 892 928 927; x_wconf 88' lang='lat' dir='ltr'><strong><em>at</em></strong></span> <span class='ocrx_word' id='word_1_49' title='bbox 937 878 960 925; x_wconf 91' lang='lat' dir='ltr'><strong><em>si</em></strong></span> <span class='ocrx_word' id='word_1_50' title='bbox 975 893 1023 927; x_wconf 88' lang='lat' dir='ltr'><strong><em>nos</em></strong></span> 
     </span>
     <span class='ocr_line' id='line_1_8' title="bbox 347 943 1024 1013; baseline 0 -20"><span class='ocrx_word' id='word_1_51' title='bbox 347 944 457 993; x_wconf 72' lang='lat' dir='ltr'><strong><em>uictoria</em></strong></span> <span class='ocrx_word' id='word_1_52' title='bbox 477 943 624 1011; x_wconf 79' lang='lat' dir='ltr'><strong><em>respexerit,</em></strong></span> <span class='ocrx_word' id='word_1_53' title='bbox 642 945 698 1011; x_wconf 80' lang='lat' dir='ltr'><strong><em>quid</em></strong></span> <span class='ocrx_word' id='word_1_54' title='bbox 713 943 903 1013; x_wconf 71' lang='lat' dir='ltr'><strong><em>abdominibus,</em></strong></span> <span class='ocrx_word' id='word_1_55' title='bbox 921 961 980 1011; x_wconf 82' lang='lat' dir='ltr'><strong><em>puos</em></strong></span> <span class='ocrx_word' id='word_1_56' title='bbox 995 945 1024 993; x_wconf 92' lang='lat' dir='ltr'><strong><em>in</em></strong></span> 
     </span>
     <span class='ocr_line' id='line_1_9' title="bbox 347 1010 1025 1079; baseline 0.006 -20"><span class='ocrx_word' id='word_1_57' title='bbox 347 1024 456 1075; x_wconf 65' lang='lat' dir='ltr'><strong><em>extremo</em></strong></span> <span class='ocrx_word' id='word_1_58' title='bbox 471 1012 561 1061; x_wconf 85' lang='lat' dir='ltr'><strong><em>salutis</em></strong></span> <span class='ocrx_word' id='word_1_59' title='bbox 574 1024 644 1075; x_wconf 76' lang='lat' dir='ltr'><strong><em>atque</em></strong></span> <span class='ocrx_word' id='word_1_60' title='bbox 657 1011 787 1079; x_wconf 83' lang='lat' dir='ltr'><strong><em>dignitatis</em></strong></span> <span class='ocrx_word' id='word_1_61' title='bbox 803 1010 940 1061; x_wconf 78' lang='lat' dir='ltr'><strong><em>discrimine</em></strong></span> <span class='ocrx_word' id='word_1_62' title='bbox 954 1011 1025 1063; x_wconf 82' lang='lat' dir='ltr'><strong><em>dese·</em></strong></span> 
     </span>
     <span class='ocr_line' id='line_1_10' title="bbox 350 1077 1021 1145; baseline 0 -16"><span class='ocrx_word' id='word_1_63' title='bbox 350 1078 469 1135; x_wconf 85' lang='lat' dir='ltr'><strong><em>rueritis,</em></strong></span> <span class='ocrx_word' id='word_1_64' title='bbox 480 1079 661 1145; x_wconf 74' lang='lat' dir='ltr'><strong><em>exspectandum</em></strong></span> <span class='ocrx_word' id='word_1_65' title='bbox 669 1077 738 1129; x_wconf 80' lang='lat' dir='ltr'><strong><em>vobis</em></strong></span> <span class='ocrx_word' id='word_1_66' title='bbox 742 1078 846 1145; x_wconf 84' lang='lat' dir='ltr'><strong><em>putetis,</em></strong></span> <span class='ocrx_word' id='word_1_67' title='bbox 857 1077 1021 1129; x_wconf 82' lang='lat' dir='ltr'><strong><em>considerate·</em></strong></span> 
     </span>
     <span class='ocr_line' id='line_1_11' title="bbox 346 1144 1022 1210; baseline 0 -15"><span class='ocrx_word' id='word_1_68' title='bbox 346 1144 421 1195; x_wconf 75' lang='lat' dir='ltr'><strong><em>‘Nem</em></strong></span> <span class='ocrx_word' id='word_1_69' title='bbox 436 1160 583 1210; x_wconf 71' lang='lat' dir='ltr'><strong><em>quacumque</em></strong></span> <span class='ocrx_word' id='word_1_70' title='bbox 601 1144 668 1195; x_wconf 79' lang='lat' dir='ltr'><strong><em>robis</em></strong></span> <span class='ocrx_word' id='word_1_71' title='bbox 680 1146 798 1196; x_wconf 87' lang='lat' dir='ltr'><strong><em>sententia</em></strong></span> <span class='ocrx_word' id='word_1_72' title='bbox 814 1144 901 1195; x_wconf 82' lang='lat' dir='ltr'><strong><em>sederit</em></strong></span> <span class='ocrx_word' id='word_1_73' title='bbox 911 1182 919 1202; x_wconf 84' lang='lat'><strong><em>,</em></strong></span> <span class='ocrx_word' id='word_1_74' title='bbox 930 1144 1022 1197; x_wconf 78' lang='lat' dir='ltr'><strong><em>‚Allie-</em></strong></span> 
     </span>
     <span class='ocr_line' id='line_1_12' title="bbox 348 1210 1022 1280; baseline -0.003 -17"><span class='ocrx_word' id='word_1_75' title='bbox 348 1211 474 1263; x_wconf 77' lang='lat' dir='ltr'><strong><em>niensibus</em></strong></span> <span class='ocrx_word' id='word_1_76' title='bbox 487 1228 550 1263; x_wconf 85' lang='lat' dir='ltr'><strong><em>certe</em></strong></span> <span class='ocrx_word' id='word_1_77' title='bbox 564 1214 645 1262; x_wconf 87' lang='lat' dir='ltr'><strong><em>omnia</em></strong></span> <span class='ocrx_word' id='word_1_78' title='bbox 657 1214 778 1280; x_wconf 78' lang='lat' dir='ltr'><strong><em>experiri,</em></strong></span> <span class='ocrx_word' id='word_1_79' title='bbox 796 1229 864 1277; x_wconf 79' lang='lat' dir='ltr'><strong><em>nepote</em></strong></span> <span class='ocrx_word' id='word_1_80' title='bbox 880 1210 1022 1264; x_wconf 83' lang='lat' dir='ltr'><strong><em>libertatern</em></strong></span> 
     </span>
     <span class='ocr_line' id='line_1_13' title="bbox 346 1279 1024 1346; baseline 0 -17"><span class='ocrx_word' id='word_1_81' title='bbox 346 1280 502 1346; x_wconf 76' lang='lat' dir='ltr'><strong><em>priusquam</em></strong></span> <span class='ocrx_word' id='word_1_82' title='bbox 515 1281 595 1329; x_wconf 75' lang='lat' dir='ltr'><strong><em>uitam</em></strong></span> <span class='ocrx_word' id='word_1_83' title='bbox 608 1280 720 1331; x_wconf 88' lang='lat' dir='ltr'><strong><em>amittere</em></strong></span> <span class='ocrx_word' id='word_1_84' title='bbox 732 1281 851 1330; x_wconf 86' lang='lat' dir='ltr'><strong><em>decretum</em></strong></span> <span class='ocrx_word' id='word_1_85' title='bbox 865 1294 910 1329; x_wconf 85' lang='lat' dir='ltr'><strong><em>est.</em></strong></span> <span class='ocrx_word' id='word_1_86' title='bbox 934 1279 1024 1341; x_wconf 80' lang='lat' dir='ltr'><strong><em>Quart·</em></strong></span> 
     </span>
     <span class='ocr_line' id='line_1_14' title="bbox 347 1344 1024 1413; baseline -0.003 -16"><span class='ocrx_word' id='word_1_87' title='bbox 347 1361 421 1413; x_wconf 67' lang='lat' dir='ltr'><strong><em>quarn</em></strong></span> <span class='ocrx_word' id='word_1_88' title='bbox 435 1348 508 1397; x_wconf 88' lang='lat' dir='ltr'><strong><em>etiam</em></strong></span> <span class='ocrx_word' id='word_1_89' title='bbox 516 1347 611 1397; x_wconf 81' lang='lat' dir='ltr'><strong><em>uiribus</em></strong></span> <span class='ocrx_word' id='word_1_90' title='bbox 621 1364 669 1397; x_wconf 90' lang='lat' dir='ltr'><strong><em>non</em></strong></span> <span class='ocrx_word' id='word_1_91' title='bbox 682 1348 828 1411; x_wconf 73' lang='lat' dir='ltr'><strong><em>diffidimus:</em></strong></span> <span class='ocrx_word' id='word_1_92' title='bbox 839 1344 922 1411; x_wconf 84' lang='lat' dir='ltr'><strong><em>puibus</em></strong></span> <span class='ocrx_word' id='word_1_93' title='bbox 934 1348 959 1395; x_wconf 87' lang='lat' dir='ltr'><strong><em>si</em></strong></span> <span class='ocrx_word' id='word_1_94' title='bbox 967 1363 1024 1398; x_wconf 79' lang='lat' dir='ltr'><strong><em>ves·</em></strong></span> 
     </span>
     <span class='ocr_line' id='line_1_15' title="bbox 348 1413 1022 1480; baseline 0.003 -17"><span class='ocrx_word' id='word_1_95' title='bbox 348 1426 407 1463; x_wconf 78' lang='lat' dir='ltr'><strong><em>tros</em></strong></span> <span class='ocrx_word' id='word_1_96' title='bbox 421 1415 536 1470; x_wconf 88' lang='lat' dir='ltr'><strong><em>sociatis,</em></strong></span> <span class='ocrx_word' id='word_1_97' title='bbox 554 1416 675 1479; x_wconf 82' lang='lat' dir='ltr'><strong><em>conjuncti</em></strong></span> <span class='ocrx_word' id='word_1_98' title='bbox 689 1416 769 1480; x_wconf 68' lang='lat' dir='ltr'><strong><em>utiq-ue</em></strong></span> <span class='ocrx_word' id='word_1_99' title='bbox 783 1413 913 1480; x_wconf 74' lang='lat' dir='ltr'><strong><em>superiores</em></strong></span> <span class='ocrx_word' id='word_1_100' title='bbox 927 1413 1022 1465; x_wconf 90' lang='lat' dir='ltr'><strong><em>erimus</em></strong></span> 
     </span>
     <span class='ocr_line' id='line_1_16' title="bbox 348 1480 1021 1548; baseline 0 -17"><span class='ocrx_word' id='word_1_101' title='bbox 348 1480 432 1535; x_wconf 73' lang='lat' dir='ltr'><strong><em>nosti,</em></strong></span> <span class='ocrx_word' id='word_1_102' title='bbox 448 1482 487 1533; x_wconf 86' lang='lat' dir='ltr'><strong><em>cui</em></strong></span> <span class='ocrx_word' id='word_1_103' title='bbox 500 1481 722 1547; x_wconf 85' lang='lat' dir='ltr'><strong><em>singuliparesesse</em></strong></span> <span class='ocrx_word' id='word_1_104' title='bbox 730 1497 864 1547; x_wconf 78' lang='lat' dir='ltr'><strong><em>possumus·</em></strong></span> <span class='ocrx_word' id='word_1_105' title='bbox 876 1480 933 1531; x_wconf 86' lang='lat' dir='ltr'><strong><em>Non</em></strong></span> <span class='ocrx_word' id='word_1_106' title='bbox 943 1480 1021 1548; x_wconf 76' lang='lat' dir='ltr'><strong><em>igno·</em></strong></span> 
     </span>
     <span class='ocr_line' id='line_1_17' title="bbox 348 1547 1022 1613; baseline 0.003 -18"><span class='ocrx_word' id='word_1_107' title='bbox 348 1562 434 1596; x_wconf 87' lang='lat' dir='ltr'><strong><em>ramus</em></strong></span> <span class='ocrx_word' id='word_1_108' title='bbox 449 1548 582 1613; x_wconf 84' lang='lat' dir='ltr'><strong><em>potentiam</em></strong></span> <span class='ocrx_word' id='word_1_109' title='bbox 601 1554 650 1612; x_wconf 79' lang='lat' dir='ltr'><strong><em>ejus</em></strong></span> <span class='ocrx_word' id='word_1_110' title='bbox 670 1547 842 1604; x_wconf 79' lang='lat' dir='ltr'><strong><em>Athenienses,</em></strong></span> <span class='ocrx_word' id='word_1_111' title='bbox 862 1559 933 1613; x_wconf 78' lang='lat' dir='ltr'><strong><em>quarn</em></strong></span> <span class='ocrx_word' id='word_1_112' title='bbox 959 1550 1022 1599; x_wconf 81' lang='lat' dir='ltr'><strong><em>cline</em></strong></span> 
     </span>
     <span class='ocr_line' id='line_1_18' title="bbox 348 1614 1024 1680; baseline -0.003 -15"><span class='ocrx_word' id='word_1_113' title='bbox 348 1628 487 1665; x_wconf 84' lang='lat' dir='ltr'><strong><em>nascentem</em></strong></span> <span class='ocrx_word' id='word_1_114' title='bbox 511 1629 717 1679; x_wconf 82' lang='lat' dir='ltr'><strong><em>augescentempue</em></strong></span> <span class='ocrx_word' id='word_1_115' title='bbox 740 1616 917 1680; x_wconf 74' lang='lat' dir='ltr'><strong><em>previdimus;</em></strong></span> <span class='ocrx_word' id='word_1_116' title='bbox 934 1630 978 1673; x_wconf 88' lang='lat' dir='ltr'><strong><em>et,</em></strong></span> <span class='ocrx_word' id='word_1_117' title='bbox 999 1614 1024 1665; x_wconf 69' lang='grc' dir='ltr'><strong><em>εἰ</em></strong></span> 
     </span>
     <span class='ocr_line' id='line_1_19' title="bbox 345 1678 1022 1751; baseline 0 -18"><span class='ocrx_word' id='word_1_118' title='bbox 345 1680 436 1733; x_wconf 78' lang='lat' dir='ltr'><strong><em>ceteris</em></strong></span> <span class='ocrx_word' id='word_1_119' title='bbox 445 1680 587 1731; x_wconf 78' lang='lat' dir='ltr'><strong><em>Graecorum</em></strong></span> <span class='ocrx_word' id='word_1_120' title='bbox 602 1683 682 1732; x_wconf 85' lang='lat' dir='ltr'><strong><em>todern</em></strong></span> <span class='ocrx_word' id='word_1_121' title='bbox 696 1697 761 1731; x_wconf 90' lang='lat' dir='ltr'><strong><em>mens</em></strong></span> <span class='ocrx_word' id='word_1_122' title='bbox 769 1682 876 1746; x_wconf 78' lang='lat' dir='ltr'><strong><em>fuisset,</em></strong></span> <span class='ocrx_word' id='word_1_123' title='bbox 892 1678 1022 1751; x_wconf 76' lang='lat' dir='ltr'><strong><em>praecave·</em></strong></span> 
     </span>
     <span class='ocr_line' id='line_1_20' title="bbox 316 1746 1021 1816; baseline 0.006 -21"><span class='ocrx_word' id='word_1_124' title='bbox 316 1794 320 1805; x_wconf 78' lang='grc'>,</span> <span class='ocrx_word' id='word_1_125' title='bbox 347 1764 444 1799; x_wconf 72' lang='lat' dir='ltr'><strong><em>ramus.</em></strong></span> <span class='ocrx_word' id='word_1_126' title='bbox 455 1746 507 1797; x_wconf 88' lang='lat' dir='ltr'><strong><em>Diu</em></strong></span> <span class='ocrx_word' id='word_1_127' title='bbox 514 1750 577 1798; x_wconf 87' lang='lat' dir='ltr'><strong><em>en&#39;im</em></strong></span> <span class='ocrx_word' id='word_1_128' title='bbox 585 1748 674 1799; x_wconf 81' lang='lat' dir='ltr'><strong><em>bellurn</em></strong></span> <span class='ocrx_word' id='word_1_129' title='bbox 683 1764 736 1799; x_wconf 84' lang='lat' dir='ltr'><strong><em>cum</em></strong></span> <span class='ocrx_word' id='word_1_130' title='bbox 744 1764 771 1798; x_wconf 87' lang='lat' dir='ltr'><strong><em>to</em></strong></span> <span class='ocrx_word' id='word_1_131' title='bbox 776 1750 911 1816; x_wconf 73' lang='lat' dir='ltr'><strong><em>gessimus,</em></strong></span> <span class='ocrx_word' id='word_1_132' title='bbox 926 1764 976 1799; x_wconf 87' lang='lat' dir='ltr'><strong><em>non</em></strong></span> <span class='ocrx_word' id='word_1_133' title='bbox 990 1750 1021 1799; x_wconf 87' lang='lat' dir='ltr'><strong><em>de</em></strong></span> 
     </span>
    </p>
   </div>
   <div class='ocr_carea' id='block_1_3' title="bbox 269 1813 1020 1881">
    <p class='ocr_par' dir='ltr' id='par_1_3' title="bbox 269 1813 1020 1881">
     <span class='ocr_line' id='line_1_21' title="bbox 269 1813 1020 1881; baseline 0 -16"><span class='ocrx_word' id='word_1_134' title='bbox 269 1818 272 1823; x_wconf 91' lang='lat'>&#39;</span> <span class='ocrx_word' id='word_1_135' title='bbox 347 1813 507 1880; x_wconf 78' lang='lat' dir='ltr'><strong><em>Amphipoli,</em></strong></span> <span class='ocrx_word' id='word_1_136' title='bbox 525 1821 567 1865; x_wconf 83' lang='lat' dir='ltr'><strong><em>c&#39;ut</em></strong></span> <span class='ocrx_word' id='word_1_137' title='bbox 583 1816 719 1874; x_wconf 87' lang='lat' dir='ltr'><strong><em>Haloneto,</em></strong></span> <span class='ocrx_word' id='word_1_138' title='bbox 734 1832 762 1865; x_wconf 93' lang='lat' dir='ltr'><strong><em>ut</em></strong></span> <span class='ocrx_word' id='word_1_139' title='bbox 773 1817 890 1881; x_wconf 73' lang='lat' dir='ltr'><strong><em>plerisque</em></strong></span> <span class='ocrx_word' id='word_1_140' title='bbox 906 1814 1020 1869; x_wconf 82' lang='lat' dir='ltr'><strong><em>credeba-</em></strong></span> 
     </span>
    </p>
   </div>
   <div class='ocr_carea' id='block_1_4' title="bbox 345 1880 1024 2353">
    <p class='ocr_par' dir='ltr' id='par_1_4' title="bbox 345 1880 1024 2353">
     <span class='ocr_line' id='line_1_22' title="bbox 347 1880 1021 1947; baseline 0.006 -16"><span class='ocrx_word' id='word_1_141' title='bbox 347 1896 418 1943; x_wconf 72' lang='lat' dir='ltr'><strong><em>tur,·</em></strong></span> <span class='ocrx_word' id='word_1_142' title='bbox 437 1884 475 1931; x_wconf 82' lang='lat' dir='ltr'><strong><em>sed</em></strong></span> <span class='ocrx_word' id='word_1_143' title='bbox 486 1899 532 1947; x_wconf 89' lang='lat' dir='ltr'><strong><em>pro</em></strong></span> <span class='ocrx_word' id='word_1_144' title='bbox 547 1885 624 1932; x_wconf 86' lang='lat' dir='ltr'><strong><em>salute</em></strong></span> <span class='ocrx_word' id='word_1_145' title='bbox 638 1898 662 1933; x_wconf 89' lang='lat' dir='ltr'><strong><em>et</em></strong></span> <span class='ocrx_word' id='word_1_146' title='bbox 676 1882 786 1933; x_wconf 83' lang='lat' dir='ltr'><strong><em>libertate</em></strong></span> <span class='ocrx_word' id='word_1_147' title='bbox 800 1880 904 1935; x_wconf 74' lang='lat' dir='ltr'><strong><em>Gracia</em></strong></span> <span class='ocrx_word' id='word_1_148' title='bbox 919 1903 927 1931; x_wconf 93' lang='lat'><em>:</em></span> <span class='ocrx_word' id='word_1_149' title='bbox 945 1884 1021 1935; x_wconf 85' lang='lat' dir='ltr'><strong><em>donec</em></strong></span> 
     </span>
     <span class='ocr_line' id='line_1_23' title="bbox 348 1948 1024 2020; baseline 0.003 -21"><span class='ocrx_word' id='word_1_150' title='bbox 348 1949 463 2001; x_wconf 81' lang='lat' dir='ltr'><strong><em>destituti</em></strong></span> <span class='ocrx_word' id='word_1_151' title='bbox 478 1948 508 2000; x_wconf 87' lang='lat' dir='ltr'><strong><em>ab</em></strong></span> <span class='ocrx_word' id='word_1_152' title='bbox 524 1948 651 2007; x_wconf 87' lang='lat' dir='ltr'><strong><em>omnibus,</em></strong></span> <span class='ocrx_word' id='word_1_153' title='bbox 668 1965 684 1998; x_wconf 90' lang='lat' dir='ltr'><strong><em>a</em></strong></span> <span class='ocrx_word' id='word_1_154' title='bbox 700 1950 823 2002; x_wconf 89' lang='lat' dir='ltr'><strong><em>nonnullis</em></strong></span> <span class='ocrx_word' id='word_1_155' title='bbox 836 1950 910 2002; x_wconf 85' lang='lat' dir='ltr'><strong><em>etiarn</em></strong></span> <span class='ocrx_word' id='word_1_156' title='bbox 928 1967 1024 2020; x_wconf 79' lang='lat' dir='ltr'><strong><em>oppug-</em></strong></span> 
     </span>
     <span class='ocr_line' id='line_1_24' title="bbox 348 2017 1020 2087; baseline 0.006 -22"><span class='ocrx_word' id='word_1_157' title='bbox 348 2017 406 2066; x_wconf 81' lang='lat' dir='ltr'><strong><em>nati</em></strong></span> <span class='ocrx_word' id='word_1_158' title='bbox 422 2050 430 2072; x_wconf 92' lang='lat'><strong><em>,</em></strong></span> <span class='ocrx_word' id='word_1_159' title='bbox 448 2030 530 2081; x_wconf 86' lang='lat' dir='ltr'><strong><em>pacem</em></strong></span> <span class='ocrx_word' id='word_1_160' title='bbox 544 2018 699 2067; x_wconf 86' lang='lat' dir='ltr'><strong><em>necessariam</em></strong></span> <span class='ocrx_word' id='word_1_161' title='bbox 716 2019 793 2087; x_wconf 78' lang='lat' dir='ltr'><strong><em>magis</em></strong></span> <span class='ocrx_word' id='word_1_162' title='bbox 810 2033 879 2083; x_wconf 79' lang='lat' dir='ltr'><strong><em>quarn</em></strong></span> <span class='ocrx_word' id='word_1_163' title='bbox 895 2018 1020 2069; x_wconf 79' lang='lat' dir='ltr'><strong><em>honestam</em></strong></span> 
     </span>
     <span class='ocr_line' id='line_1_25' title="bbox 345 2082 1019 2151; baseline 0.007 -19"><span class='ocrx_word' id='word_1_164' title='bbox 345 2084 461 2150; x_wconf 80' lang='lat' dir='ltr'><strong><em>fecimus·</em></strong></span> <span class='ocrx_word' id='word_1_165' title='bbox 474 2082 519 2133; x_wconf 85' lang='lat' dir='ltr'><strong><em>Sed</em></strong></span> <span class='ocrx_word' id='word_1_166' title='bbox 533 2099 614 2139; x_wconf 84' lang='lat' dir='ltr'><strong><em>nunc,</em></strong></span> <span class='ocrx_word' id='word_1_167' title='bbox 633 2084 730 2150; x_wconf 87' lang='lat' dir='ltr'><strong><em>opinor,</em></strong></span> <span class='ocrx_word' id='word_1_168' title='bbox 745 2102 833 2151; x_wconf 79' lang='lat' dir='ltr'><strong><em>praeses</em></strong></span> <span class='ocrx_word' id='word_1_169' title='bbox 846 2084 912 2135; x_wconf 88' lang='lat' dir='ltr'><strong><em>arcis</em></strong></span> <span class='ocrx_word' id='word_1_170' title='bbox 925 2100 1019 2139; x_wconf 85' lang='lat' dir='ltr'><strong><em>nostrae</em></strong></span> 
     </span>
     <span class='ocr_line' id='line_1_26' title="bbox 348 2148 1021 2219; baseline 0.012 -21"><span class='ocrx_word' id='word_1_171' title='bbox 348 2150 490 2205; x_wconf 75' lang='lat' dir='ltr'><strong><em>Minerva,</em></strong></span> <span class='ocrx_word' id='word_1_172' title='bbox 511 2162 534 2198; x_wconf 90' lang='lat' dir='ltr'><strong><em>ec</em></strong></span> <span class='ocrx_word' id='word_1_173' title='bbox 548 2148 639 2213; x_wconf 83' lang='lat' dir='ltr'><strong><em>Apollo</em></strong></span> <span class='ocrx_word' id='word_1_174' title='bbox 653 2152 755 2218; x_wconf 77' lang='lat' dir='ltr'><strong><em>Pythius</em></strong></span> <span class='ocrx_word' id='word_1_175' title='bbox 763 2152 871 2219; x_wconf 84' lang='lat' dir='ltr'><strong><em>patrium</em></strong></span> <span class='ocrx_word' id='word_1_176' title='bbox 887 2150 955 2214; x_wconf 81' lang='lat' dir='ltr'><strong><em>nobis</em></strong></span> <span class='ocrx_word' id='word_1_177' title='bbox 970 2170 1021 2206; x_wconf 84' lang='lat' dir='ltr'><strong><em>nu·</em></strong></span> 
     </span>
     <span class='ocr_line' id='line_1_27' title="bbox 347 2215 1020 2287; baseline 0.01 -23"><span class='ocrx_word' id='word_1_178' title='bbox 347 2231 420 2276; x_wconf 78' lang='lat' dir='ltr'><strong><em>rnen,</em></strong></span> <span class='ocrx_word' id='word_1_179' title='bbox 433 2215 701 2282; x_wconf 72' lang='lat' dir='ltr'><strong><em>ceteriquecraecorum</em></strong></span> <span class='ocrx_word' id='word_1_180' title='bbox 710 2218 755 2270; x_wconf 91' lang='lat' dir='ltr'><strong><em>Dii</em></strong></span> <span class='ocrx_word' id='word_1_181' title='bbox 763 2220 903 2287; x_wconf 81' lang='lat' dir='ltr'><strong><em>aperuerunt</em></strong></span> <span class='ocrx_word' id='word_1_182' title='bbox 916 2224 1020 2279; x_wconf 81' lang='lat' dir='ltr'><strong><em>deuios,</em></strong></span> 
     </span>
     <span class='ocr_line' id='line_1_28' title="bbox 346 2280 1020 2353; baseline 0.021 -26"><span class='ocrx_word' id='word_1_183' title='bbox 346 2298 375 2333; x_wconf 70' lang='lat' dir='ltr'><strong><em>ee</em></strong></span> <span class='ocrx_word' id='word_1_184' title='bbox 383 2283 410 2339; x_wconf 76' lang='lat' dir='ltr'><strong><em>ip</em></strong></span> <span class='ocrx_word' id='word_1_185' title='bbox 417 2280 551 2333; x_wconf 77' lang='lat' dir='ltr'><strong><em>vindictam</em></strong></span> <span class='ocrx_word' id='word_1_186' title='bbox 556 2285 635 2340; x_wconf 74' lang='lat' dir='ltr'><strong><em>atrita,</em></strong></span> <span class='ocrx_word' id='word_1_187' title='bbox 643 2285 763 2337; x_wconf 73' lang='lat' dir='ltr'><strong><em>libertatis</em></strong></span> <span class='ocrx_word' id='word_1_188' title='bbox 770 2288 910 2353; x_wconf 85' lang='lat' dir='ltr'><strong><em>populorum</em></strong></span> <span class='ocrx_word' id='word_1_189' title='bbox 918 2304 1020 2340; x_wconf 85' lang='lat' dir='ltr'><strong><em>suorum</em></strong></span> 
     </span>
    </p>
   </div>
   <div class='ocr_carea' id='block_1_5' title="bbox 261 2349 1020 2423">
    <p class='ocr_par' dir='ltr' id='par_1_5' title="bbox 261 2349 1020 2423">
     <span class='ocr_line' id='line_1_29' title="bbox 261 2349 1020 2423; baseline 0.014 -26"><span class='ocrx_word' id='word_1_190' title='bbox 261 2411 265 2423; x_wconf 32' lang='grc' dir='ltr'>ἱ</span> <span class='ocrx_word' id='word_1_191' title='bbox 281 2364 285 2373; x_wconf 84' lang='grc'><em>·</em></span> <span class='ocrx_word' id='word_1_192' title='bbox 348 2349 447 2401; x_wconf 81' lang='lat' dir='ltr'><strong><em>attimos</em></strong></span> <span class='ocrx_word' id='word_1_193' title='bbox 459 2350 577 2403; x_wconf 75' lang='lat' dir='ltr'><strong><em>concitant.</em></strong></span> <span class='ocrx_word' id='word_1_194' title='bbox 598 2354 667 2404; x_wconf 80' lang='lat' dir='ltr'><strong><em>Certe</em></strong></span> <span class='ocrx_word' id='word_1_195' title='bbox 680 2354 808 2405; x_wconf 74' lang='lat' dir='ltr'><strong><em>Herculem</em></strong></span> <span class='ocrx_word' id='word_1_196' title='bbox 825 2370 874 2405; x_wconf 89' lang='lat' dir='ltr'><strong><em>non</em></strong></span> <span class='ocrx_word' id='word_1_197' title='bbox 885 2354 936 2407; x_wconf 84' lang='lat' dir='ltr'><strong><em>sine</em></strong></span> <span class='ocrx_word' id='word_1_198' title='bbox 949 2357 1020 2408; x_wconf 84' lang='lat' dir='ltr'><strong><em>indi·</em></strong></span> 
     </span>
    </p>
   </div>
   <div class='ocr_carea' id='block_1_6' title="bbox 323 2417 1018 2566">
    <p class='ocr_par' dir='ltr' id='par_1_6' title="bbox 323 2417 1018 2566">
     <span class='ocr_line' id='line_1_30' title="bbox 345 2417 1018 2535; baseline 0.006 -67"><span class='ocrx_word' id='word_1_199' title='bbox 345 2417 465 2535; x_wconf 48' lang='lat' dir='ltr'><strong><em>poariam</em></strong></span> <span class='ocrx_word' id='word_1_200' title='bbox 485 2418 559 2469; x_wconf 78' lang='lat' dir='ltr'><strong><em>uerba</em></strong></span> <span class='ocrx_word' id='word_1_201' title='bbox 581 2420 716 2486; x_wconf 82' lang='lat' dir='ltr'><strong><em>legatorum</em></strong></span> <span class='ocrx_word' id='word_1_202' title='bbox 736 2421 856 2472; x_wconf 79' lang='lat' dir='ltr'><strong><em>audivisse</em></strong></span> <span class='ocrx_word' id='word_1_203' title='bbox 875 2422 1018 2483; x_wconf 77' lang='lat' dir='ltr'><strong><em>arbitror,</em></strong></span> 
     </span>
     <span class='ocr_line' id='line_1_31' title="bbox 323 2484 1018 2566; baseline 0.014 -35"><span class='ocrx_word' id='word_1_204' title='bbox 323 2484 326 2491; x_wconf 82' lang='grc'>’</span> <span class='ocrx_word' id='word_1_205' title='bbox 364 2484 460 2549; x_wconf 50' lang='lat' dir='ltr'><strong><em>,lilippo</em></strong></span> <span class='ocrx_word' id='word_1_206' title='bbox 469 2485 565 2551; x_wconf 89' lang='lat' dir='ltr'><strong><em>stirpem</em></strong></span> <span class='ocrx_word' id='word_1_207' title='bbox 575 2486 657 2538; x_wconf 83' lang='lat' dir='ltr'><strong><em>abillo</em></strong></span> <span class='ocrx_word' id='word_1_208' title='bbox 666 2486 1018 2566; x_wconf 66' lang='lat' dir='ltr'><strong><em>Deoreptteneiumdlleenim</em></strong></span> 
     </span>
    </p>
   </div>
   <div class='ocr_carea' id='block_1_7' title="bbox 310 2550 1020 2959">
    <p class='ocr_par' dir='ltr' id='par_1_7' title="bbox 345 2550 1020 2623">
     <span class='ocr_line' id='line_1_32' title="bbox 345 2550 1020 2623; baseline 0.012 -22"><span class='ocrx_word' id='word_1_209' title='bbox 345 2566 364 2601; x_wconf 84' lang='lat' dir='ltr'><strong><em>a</em></strong></span> <span class='ocrx_word' id='word_1_210' title='bbox 384 2565 465 2601; x_wconf 83' lang='lat' dir='ltr'><strong><em>noscat</em></strong></span> <span class='ocrx_word' id='word_1_211' title='bbox 474 2550 555 2610; x_wconf 88' lang='lat' dir='ltr'><strong><em>Deus,</em></strong></span> <span class='ocrx_word' id='word_1_212' title='bbox 567 2554 672 2604; x_wconf 86' lang='lat' dir='ltr'><strong><em>omnium</em></strong></span> <span class='ocrx_word' id='word_1_213' title='bbox 679 2554 822 2623; x_wconf 81' lang='lat' dir='ltr'><strong><em>religionum</em></strong></span> <span class='ocrx_word' id='word_1_214' title='bbox 830 2570 1020 2623; x_wconf 76' lang='lat' dir='ltr'><strong><em>contemtorem,-</em></strong></span> 
     </span>
    </p>

    <p class='ocr_par' dir='ltr' id='par_1_8' title="bbox 310 2620 1020 2959">
     <span class='ocr_line' id='line_1_33' title="bbox 391 2620 1017 2703; baseline 0.01 -34"><span class='ocrx_word' id='word_1_215' title='bbox 391 2634 469 2675; x_wconf 82' lang='lat' dir='ltr'><strong><em>secus,</em></strong></span> <span class='ocrx_word' id='word_1_216' title='bbox 480 2620 633 2671; x_wconf 81' lang='lat' dir='ltr'><strong><em>Macedonem</em></strong></span> <span class='ocrx_word' id='word_1_217' title='bbox 640 2640 651 2683; x_wconf 87' lang='lat'><strong><em>,·</em></strong></span> <span class='ocrx_word' id='word_1_218' title='bbox 659 2637 805 2690; x_wconf 75' lang='lat' dir='ltr'><strong><em>tyrannum,</em></strong></span> <span class='ocrx_word' id='word_1_219' title='bbox 814 2637 868 2673; x_wconf 91' lang='lat' dir='ltr'><strong><em>osor</em></strong></span> <span class='ocrx_word' id='word_1_220' title='bbox 878 2659 886 2682; x_wconf 91' lang='lat'><strong><em>,</em></strong></span> <span class='ocrx_word' id='word_1_221' title='bbox 897 2625 1017 2703; x_wconf 84' lang='lat' dir='ltr'><strong><em>punitor,</em></strong></span> 
     </span>
     <span class='ocr_line' id='line_1_34' title="bbox 345 2684 1019 2763; baseline 0.012 -26"><span class='ocrx_word' id='word_1_222' title='bbox 345 2684 498 2753; x_wconf 70' lang='lat' dir='ltr'><strong><em>rostirpator</em></strong></span> <span class='ocrx_word' id='word_1_223' title='bbox 513 2688 652 2753; x_wconf 83' lang='lat' dir='ltr'><strong><em>tyrannidis</em></strong></span> <span class='ocrx_word' id='word_1_224' title='bbox 668 2689 680 2735; x_wconf 90' lang='lat' dir='ltr'><strong><em>l</em></strong></span> <span class='ocrx_word' id='word_1_225' title='bbox 698 2684 776 2741; x_wconf 88' lang='lat' dir='ltr'><strong><em>Nullo</em></strong></span> <span class='ocrx_word' id='word_1_226' title='bbox 793 2689 857 2740; x_wconf 85' lang='lat' dir='ltr'><strong><em>euim</em></strong></span> <span class='ocrx_word' id='word_1_227' title='bbox 872 2690 922 2743; x_wconf 82' lang='lat' dir='ltr'><strong><em>also</em></strong></span> <span class='ocrx_word' id='word_1_228' title='bbox 938 2709 1019 2763; x_wconf 78' lang='lat' dir='ltr'><strong><em>argu·</em></strong></span> 
     </span>
     <span class='ocr_line' id='line_1_35' title="bbox 310 2750 1019 2822; baseline 0.02 -21"><span class='ocrx_word' id='word_1_229' title='bbox 310 2809 313 2817; x_wconf 65' lang='lat'><strong><em>,</em></strong></span> <span class='ocrx_word' id='word_1_230' title='bbox 347 2763 431 2803; x_wconf 75' lang='lat' dir='ltr'><strong><em>mento</em></strong></span> <span class='ocrx_word' id='word_1_231' title='bbox 442 2750 549 2805; x_wconf 86' lang='lat' dir='ltr'><strong><em>clariora</em></strong></span> <span class='ocrx_word' id='word_1_232' title='bbox 557 2766 615 2805; x_wconf 82' lang='lat' dir='ltr'><strong><em>sunt</em></strong></span> <span class='ocrx_word' id='word_1_233' title='bbox 627 2753 741 2805; x_wconf 85' lang='lat' dir='ltr'><strong><em>Herculis</em></strong></span> <span class='ocrx_word' id='word_1_234' title='bbox 751 2771 829 2822; x_wconf 74' lang='lat' dir='ltr'><strong><em>operm</em></strong></span> <span class='ocrx_word' id='word_1_235' title='bbox 840 2756 878 2809; x_wconf 81' lang='lat' dir='ltr'><strong><em>At</em></strong></span> <span class='ocrx_word' id='word_1_236' title='bbox 888 2758 933 2812; x_wconf 87' lang='lat' dir='ltr'><strong><em>ille</em></strong></span> <span class='ocrx_word' id='word_1_237' title='bbox 946 2759 1019 2815; x_wconf 69' lang='lat' dir='ltr'><strong><em>Gra·</em></strong></span> 
     </span>
     <span class='ocr_line' id='line_1_36' title="bbox 347 2818 1020 2889; baseline 0.021 -22"><span class='ocrx_word' id='word_1_238' title='bbox 347 2818 414 2867; x_wconf 79' lang='lat' dir='ltr'><strong><em>eiam</em></strong></span> <span class='ocrx_word' id='word_1_239' title='bbox 427 2819 550 2873; x_wconf 81' lang='lat' dir='ltr'><strong><em>dominatu</em></strong></span> <span class='ocrx_word' id='word_1_240' title='bbox 554 2820 661 2889; x_wconf 86' lang='lat' dir='ltr'><strong><em>premit;</em></strong></span> <span class='ocrx_word' id='word_1_241' title='bbox 677 2820 1020 2886; x_wconf 76' lang='lat' dir='ltr'><strong><em>milmlametiameioimti·</em></strong></span> 
     </span>
     <span class='ocr_line' id='line_1_37' title="bbox 343 2883 1019 2959; baseline 0.019 -20"><span class='ocrx_word' id='word_1_242' title='bbox 343 2883 395 2939; x_wconf 39' lang='lat' dir='ltr'><strong><em>,sus</em></strong></span> <span class='ocrx_word' id='word_1_243' title='bbox 414 2886 555 2943; x_wconf 81' lang='lat' dir='ltr'><strong><em>domesticos</em></strong></span> <span class='ocrx_word' id='word_1_244' title='bbox 576 2902 694 2957; x_wconf 81' lang='lat' dir='ltr'><strong><em>tyrannos</em></strong></span> <span class='ocrx_word' id='word_1_245' title='bbox 711 2889 842 2959; x_wconf 75' lang='lat' dir='ltr'><strong><em>imposuit,</em></strong></span> <span class='ocrx_word' id='word_1_246' title='bbox 863 2891 1019 2951; x_wconf 81' lang='lat' dir='ltr'><strong><em>Pltilistileen</em></strong></span> 
     </span>
    </p>
   </div>
   <div class='ocr_carea' id='block_1_8' title="bbox 0 0 1180 3967">
    <p class='ocr_par' dir='ltr' id='par_1_9' title="bbox 0 0 1180 3967">
     <span class='ocr_line' id='line_1_38' title="bbox 0 0 1180 3967; baseline 0 1"><span class='ocrx_word' id='word_1_247' title='bbox 0 0 1180 3967; x_wconf 95' lang='lat' dir='ltr'><strong><em> </em></strong></span> 
     </span>
    </p>
   </div>
  </div>
 </body>
</html>
