2350 3967
265 471 389 536 l'N‘Q·
424 469 688 531 cumulet.
721 477 764 532 11.
834 496 867 538 ⁹9

173 579 287 622 rasum,
301 563 332 618 de
342 579 390 630 quo
401 561 465 616 nihil
477 561 633 624 dubitarent,
646 564 777 634 imparatis
787 583 869 638 super-

176 635 266 699 fusum
281 631 319 682 iri
326 648 393 683 suot.
402 631 493 695 Neque
501 631 637 691 Memnon,
649 649 783 700 quanquam
796 652 870 690 cautu

178 697 293 752 consilia
306 695 431 764 speciosis
439 700 555 762 preferre
564 698 669 760 solitus,
685 700 787 754 restitit.
801 706 869 757 Nam

181 765 284 820 etiamsi
297 765 367 818 nihil
377 781 533 825 notaretur,
549 766 621 816 nulls
631 768 767 838 propinqua
782 771 869 826 auxilii

182 853 226 902 spe
236 872 252 896 .,
270 835 375 887 tristem
390 832 533 886 obsidionis
548 833 641 887 exitum
657 841 711 888 fore
726 839 869 904 prospicie-

181 907 245 966 bat3
260 918 307 964 et,
327 917 356 954 ut
369 901 397 954 in
409 916 483 954 tanto
501 901 661 964 discrimine,
677 921 729 957 non
743 905 870 958 inconrul·

182 988 239 1024 ¹tuus
247 973 370 1030 rebatur,
388 969 497 1036 experiri
507 971 587 1027 virum
597 989 695 1034 acrem,
711 974 786 1042 etqui
795 976 868 1028 velut

184 1041 308 1092 instinctu
323 1039 434 1106 quodam
451 1040 481 1090 ad
496 1055 603 1092 extremo
613 1042 724 1094 audenda
740 1059 868 1121 ageretur.

186 1109 268 1176 igitur
278 1107 413 1173 Ephialtes
421 1107 516 1158 duobus
529 1107 639 1166 millibus
652 1127 682 1160 ex
690 1127 760 1161 omns
773 1127 869 1162 merco-

186 1177 314 1228 nariornm
338 1191 443 1233 numero
462 1175 568 1228 delectis
583 1213 592 1237 ,
605 1179 675 1242 faces
692 1181 760 1232 mille
776 1197 868 1248 perure

185 1247 273 1312 jubet.
284 1245 415 1314 primaque
425 1247 476 1296 lucr
484 1247 575 1302 adesse,
590 1259 614 1296 et
622 1262 731 1297 armatos
740 1263 867 1316 expectare

185 1316 325 1383 imperium.
333 1315 424 1377 Coepta
432 1309 472 1362 die
481 1329 537 1362 cum
547 1312 689 1364 Alexander
696 1312 786 1362 iterum
795 1329 877 1365 muro.

185 1379 301 1432 lateritio
312 1379 439 1430 machinas
454 1379 623 1437 admovisset,
641 1379 874 1446 instarentqneMa·

185 1451 297 1503 cedones
306 1447 380 1512 operi
391 1463 399 1506 3
409 1445 544 1511 Ephialtes,
553 1462 626 1512 porta
635 1447 719 1499 subito
727 1451 870 1513 patefacta,

184 1517 322 1569 dimidium
331 1514 617 1566 suorumimmittitcum
626 1514 735 1576 ficibus,
749 1516 868 1580 ipserum

182 1584 277 1653 peteris
293 1586 374 1635 denso
390 1581 487 1649 agmine
496 1582 668 1648 subsequitur,
686 1600 715 1637 ut
727 1584 812 1635 hoster
825 1584 869 1636 in·

185 1652 304 1704 cendium
313 1649 487 1718 prohibituros
496 1653 664 1702 submoveret.
678 1653 820 1706 Alexander
829 1653 869 1704 in·

186 1723 295 1773 tellecto
312 1720 376 1786 quid
394 1735 508 1784 ageretur
523 1718 600 1768 aciem
617 1719 732 1770 celeriter
747 1719 865 1780 instruit,

175 1789 298 1842 *subsidia
316 1787 420 1838 delecto
435 1785 517 1838 milite
529 1786 622 1838 firmat.
638 1789 743 1855 Cumtue
758 1790 822 1843 ulios
833 1790 868 1841 td

178 1857 383 1924 *extinguendum
401 1856 407 1867 '
425 1873 478 1907 uem
493 1857 528 1907 ire
543 1853 671 1918 jussisset,
693 1854 720 1906 in
734 1872 801 1916 eor,
822 1854 869 1919 qui

181 1943 244 1977 eum
255 1921 398 1990 Ephialtes
417 1937 550 1986 venerant„
566 1919 685 1985 impetum
696 1922 815 1979 facium
824 1921 870 1974 ilie

177 1991 283 2062 insigni
300 1989 417 2056 corporis
430 1991 542 2046 robore,
561 2004 686 2054 quotquot
698 1993 811 2040 conferre
823 2005 871 2053 po-

186 2065 246 2114 dem
258 2059 407 2118 audebant,
428 2058 595 2116 obtruncans,
612 2074 671 2108 suos
687 2073 768 2116 voce,
785 2071 873 2117 nutu,

186 2145 216 2182 et
224 2126 343 2194 inprimis
359 2125 474 2189 exemplo
491 2125 522 2176 ad
536 2123 655 2177 virtutem
668 2124 800 2178 tumebat.
816 2127 870 2176 Nc·-

187 2215 237 2264 que
254 2211 344 2262 perum
358 2191 480 2245 molestie
494 2209 508 2244 e
523 2193 600 2244 muris
616 2192 774 2248 exhibebatur
787 2192 868 2245 hosti.

188 2265 292 2331 Quippe
301 2279 399 2316 turrem
408 2276 508 2314 centum
522 2259 663 2312 cubitorum
678 2260 770 2314 obsessi
785 2277 871 2312 erexe-

187 2349 261 2391 rant,
279 2329 463 2396 tormentisque
472 2329 604 2382 commode
612 2327 740 2394 dispositis
748 2330 829 2380 hastas
842 2341 872 2381 et

189 2397 570 2464 saxajaculabantur.1uterhec
581 2415 611 2448 ex
620 2396 717 2449 diversa
724 2411 793 2462 parte
802 2395 870 2446 urbis

189 2476 201 2532 (
215 2469 262 2534 ipsi
278 2469 401 2537 Tripylon
415 2467 560 2528 vocabant)
578 2466 642 2516 duce
655 2467 790 2515 Memnone
806 2461 871 2514 nlius

189 2537 378 2604 oppidanorum
386 2533 495 2602 globus,
512 2551 558 2600 qua
568 2533 670 2585 minime
678 2531 871 2595 expectabatur,

189 2605 280 2672 erupit.
301 2607 445 2670 Taurusque
465 2601 587 2653 tumultus
603 2598 704 2650 incessit
717 2596 823 2656 castris,
841 2611 870 2652 ut

181 2673 241 2740 -ipse
256 2671 337 2724 etiam
352 2689 396 2722 rex
412 2669 514 2720 consilii
529 2668 638 2718 incertus
653 2665 802 2717 efficeretur.
820 2666 869 2718 Sed

181 2741 262 2795 -auisni
277 2737 471 2808 magnitudine,
490 2751 517 2787 et
531 2734 681 2800 opportunis
694 2731 804 2797 imperiis
817 2751 870 2784 om·

187 2811 226 2862 niu
235 2809 355 2877 pericula
368 2805 552 2874 propulsabat
569 2818 596 2854 ee
609 2805 708 2852 fortuna
716 2800 741 2850 in
755 2816 869 2865 ternpore

187 2878 314 2938 subvenit.
327 2877 419 2950 Igitur
428 2887 459 2928 et
467 2869 511 2942 qui
525 2868 649 2938 maslines
661 2868 835 2990 inceitderaur,
850 2885 870 2940 ρ

745 2952 763 3002 1ι
