2350 3967
327 436 391 516 aas
510 433 553 515 Q.
593 427 841 498 cunuti

329 541 393 604 nius
411 535 487 599 hosti
504 538 546 597 ire
566 536 683 617 pergit,
707 532 919 615 elephantosque
939 542 1010 599 aa!

329 638 428 699 agmen
439 634 548 677 suorum
565 615 615 695 agi
635 616 724 695 jubet.
743 618 884 695 Magnum
901 619 1009 679 bellua

328 700 451 773 injecere
462 696 816 772 terrorem3insolintsque
827 696 933 755 stridor
943 717 1007 757 nou

327 796 416 855 equos
425 776 537 844 modo,
560 792 619 835 tam
633 774 767 853 pavidum
778 774 812 834 ad
823 776 924 835 omnia
936 776 1006 836 ani·

327 858 387 917 mal
402 878 412 930 ;
433 856 480 916 sed
497 856 574 915 vitos
588 874 702 933 quoque
722 853 888 931 ordinesque
901 859 1006 915 turbat·

325 954 417 999 uerat.
439 936 506 1001 Jarn
526 934 598 1015 fugae
616 933 881 1011 circumspiciebant
899 936 1007 997 locum

325 1018 414 1093 paulo
421 1031 486 1075 ante
493 1013 617 1074 uictores
628 1035 638 1085 3
648 1034 713 1073 cum
721 1013 885 1074 Alexander
891 1014 1006 1095 Agria-

324 1115 380 1155 nos
395 1114 426 1156 et
434 1093 562 1154 Thracas
573 1092 674 1154 leviter
686 1110 831 1163 armatos,
846 1094 1005 1157 meliorem

323 1172 543 1237 concursatione
570 1193 657 1251 quarn
686 1174 816 1233 cominus
842 1172 1002 1246 militem,

326 1254 421 1315 emisit
431 1255 459 1314 in
470 1255 589 1313 belluas.
602 1254 752 1331 Ingentem
763 1252 784 1311 ii
800 1251 861 1313 vim
873 1252 1003 1315 telorum

325 1334 450 1413 injecere
466 1352 495 1393 et
512 1331 691 1409 elephantis,
714 1349 742 1391 et
759 1334 922 1412 regentibus
940 1354 1003 1397 eos.

319 1414 456 1493 ¹Phalanx
471 1432 583 1489 quoque
599 1412 701 1470 instare
717 1429 880 1473 constanter
896 1413 1003 1475 territis
1083 1422 1084 1489 ζ

324 1489 423 1571 crepis.
434 1492 489 1553 Sed
499 1491 613 1569 quidam
625 1489 733 1550 avidius
742 1493 879 1567 persecuti
890 1494 1002 1553 belluas

324 1575 356 1639 in
369 1589 459 1632 semet
467 1571 612 1631 irritavere
622 1569 794 1631 vulneribus.
806 1570 917 1631 Obtriti
929 1593 999 1652 ergo

323 1653 440 1733 pedibus
456 1670 575 1717 earum,
594 1650 717 1719 cerens,
735 1666 767 1710 ut
785 1652 896 1726 parcius
908 1652 1000 1713 insta·

323 1751 407 1800 tent,
428 1730 506 1789 fuere
523 1730 738 1789 documentum.
752 1727 895 1806 Praecipue
914 1732 1002 1791 terri·

323 1810 389 1871 bilis
404 1810 454 1870 illa
468 1806 555 1869 facies
566 1824 647 1877 erat,
661 1828 729 1869 cum
746 1828 832 1869 manu
843 1830 932 1870 arma
950 1810 998 1872 vi·

321 1909 425 1968 rosque
438 1887 633 1964 corriperent,
654 1905 774 1963 etsuper
789 1908 818 1947 se
834 1890 999 1970 regentibus

322 1972 475 2031 traderent.
485 1966 601 2043 Anceps
610 1984 679 2047 ergo
689 1986 1001 2046 pugnatuncsequene

321 2051 413 2115 uum,
423 2067 498 2107 nunc
507 2046 678 2124 fugientium
688 2044 869 2122 elephantos,
879 2049 907 2107 in
921 2049 1001 2111 mul.-

320 2146 385 2189 tum
394 2126 450 2184 diei
461 2125 573 2185 varium
584 2141 729 2184 certamen
742 2126 864 2185 extraxit
878 2151 886 2187 r
903 2128 1000 2189 donec

321 2205 490 2276 securibus(
501 2204 528 2261 id
541 2223 664 2280 namque
675 2224 765 2283 genus
776 2206 876 2267 auxilii
888 2229 1000 2285 praepar
1082 2238 1083 2287 p

322 2303 417 2347 saturn
439 2283 530 2353 erat)
552 2283 637 2370 pedes
662 2302 809 2361 amputare
835 2286 998 2365 coeperunt.

323 2361 998 2444 Copidasvocantglalioslevitercuruntosfal·

249 2504 253 2509 .
320 2446 401 2507 cibus
412 2441 533 2509 similes,
545 2444 644 2519 quibus
654 2445 824 2519 appetebant
835 2446 998 2507 belluarum

321 2545 435 2589 manus.
458 2519 524 2580 Nec
547 2522 700 2599 quidquam
727 2522 909 2601 inexpertum
936 2546 998 2601 non

319 2603 424 2665 mortis
435 2599 541 2667 modo,
552 2600 600 2660 sed
611 2599 697 2659 eriam
710 2600 740 2661 in
750 2602 809 2677 ipsa
819 2624 915 2666 morte
927 2602 1000 2666 novi

319 2680 451 2757 supplicii
468 2680 556 2739 timor
575 2679 736 2743 omittebat.
754 2680 833 2762 Ergo
845 2682 997 2762 elephanti

318 2759 483 2824 vulneribus
512 2758 626 2850 tandem
655 2759 763 2841 fatigati
793 2784 861 2823 suos
889 2766 997 2841 impetu

318 2854 472 2929 neruum,
491 2854 523 2927 et
542 2860 591 2924 qut
610 2856 740 2927 rexerant
760 2860 812 2904 eos
829 2845 999 2939 precipitata
1018 2852 1021 2859 “
