2350 3967
337 558 487 623 exceperat
501 540 758 620 Hephaestionem,
779 538 941 621 gratuitum
953 538 1018 602 fru-

337 646 466 688 mentum
482 623 571 700 copiis
582 621 642 700 ejus
659 620 826 681 admensus:
840 640 900 679 non
914 640 1018 681 tamen

336 699 1015 783 mmmmfflfflmfflmmmffiw

336 785 484 865 periretur.
497 784 596 861 ltaque
608 782 732 843 venienti
748 781 865 841 obviam
877 801 947 839 curn
966 801 1015 840 ar·

336 885 417 925 mato
428 865 554 923 exercitu
566 880 691 942 egressus
705 876 765 935 est3
781 858 930 937 elephanti
941 880 1016 939 quo-

337 963 393 1023 que
409 943 584 1021 permodica
597 943 745 1002 intervalla
760 942 887 1000 militum
902 938 1017 1020 agmini

333 1024 481 1091 immixti,
501 1024 601 1100 procul
615 1022 796 1082 castellorum
810 1020 938 1080 fecerant
951 1040 1016 1098 spe·

334 1104 422 1165 ciem.
443 1105 488 1163 Ac
500 1103 595 1181 primo
614 1100 776 1162 Alexander
795 1121 853 1159 non
874 1101 1014 1169 socium,

335 1184 383 1243 sed
396 1182 507 1242 hostem
522 1183 673 1241 adventare
684 1181 824 1241 credebat.
846 1180 975 1255 Jamque
987 1196 1015 1240 et

335 1262 395 1339 ipse
407 1282 483 1321 arma
498 1259 602 1321 milites
620 1280 714 1339 capere
728 1302 739 1328 ,
755 1278 783 1318 et
795 1259 902 1337 equites
915 1256 1013 1319 diste-

335 1340 401 1401 dere
411 1341 440 1400 in
450 1362 552 1402 cornua
563 1340 692 1417 jusserat,
705 1358 818 1415 paratos
826 1338 860 1410 ad
872 1358 1015 1419 pugnam,

334 1422 378 1481 At
389 1422 472 1480 lndus
482 1420 601 1502 cognito
612 1420 801 1479 Macedonum
815 1438 913 1477 errore
924 1459 935 1487 ‚
953 1420 1012 1490 ins·

336 1501 374 1560 sis
383 1500 527 1561 subsistere
537 1500 657 1566 ceteriS,
675 1500 734 1575 ipse
748 1499 875 1557 concitat
885 1518 1013 1575 equum,

337 1600 395 1655 quo
416 1580 570 1641 vehebatur
588 1600 597 1639 t
615 1578 691 1637 idem
709 1578 878 1639 Alexander
896 1598 1014 1655 quoque

335 1658 426 1727 lecit,
445 1660 504 1718 sive
514 1658 602 1718 hostis
613 1697 624 1727 ‚
635 1658 693 1716 sive
705 1656 812 1717 amicus
823 1676 990 1717 occurreret
1001 1698 1013 1727 ‚

332 1738 381 1796 vel
393 1758 441 1796 sus
455 1738 581 1806 virtute,
605 1738 651 1795 vel
665 1736 740 1797 illins
752 1735 806 1797 fide
825 1754 913 1797 tutus.
933 1736 1011 1797 Coi·

332 1835 418 1885 vere,
432 1817 508 1895 quod
522 1838 558 1877 ex
569 1816 711 1893 utriusque
725 1818 804 1877 vultu
815 1836 912 1894 posset
921 1817 1011 1877 intel-

332 1896 406 1975 ligi,
424 1898 523 1957 amicis
541 1896 643 1955 animis
663 1919 670 1955 :
690 1912 817 1957 ceterum
836 1897 897 1956 sine
910 1898 1009 1957 ¹inrer-

329 1993 410 2053 prete
433 1998 493 2037 non
516 1994 626 2053 poterat
647 1978 757 2035 conseri
778 1996 886 2035 sermo.
908 1978 1010 2054 ltaque

330 2052 459 2115 adhibito
481 2074 540 2123 eo,
563 2059 695 2115 barbatus
715 2053 868 2114 occurrisse
886 2076 919 2115 se
937 2056 1014 2115 dixit

330 2150 391 2191 curn
408 2133 556 2200 exercitu,
578 2152 651 2193 totas
668 2132 774 2211 imperii
786 2133 865 2193 viret
880 2136 1010 2215 protinus·

329 2208 518 2284 traditurum
538 2233 588 2271 ner
600 2230 778 2285 exspectasse
792 2211 855 2273 dum
870 2234 924 2295 per
935 2236 1010 2273 nun·

330 2288 388 2350 tior
402 2288 604 2377 dareturfides.
625 2289 733 2370 Corpus
750 2312 828 2351 suum
847 2310 875 2353 tt
894 2316 923 2354 re
945 2314 1010 2353 ntem

325 2314 1011 2451 mmwfflffimmmmffimmfflw

330 2468 385 2509 rem
397 2492 408 2519 ‚
431 2450 503 2509 nihil
518 2450 609 2529 inagis
626 2450 816 2526 quamfamam
831 2454 932 2513 timere
940 2472 1007 2534 per·

320 2526 416 2607 fidite.
435 2529 526 2589 laetus
547 2531 727 2608 simplicitate
749 2532 863 2592 barbari
878 2554 958 2602 rex,
978 2550 1009 2593 et

327 2609 455 2668 dextram
466 2610 531 2669 lidei
542 2632 595 2670 suae
612 2612 711 2689 pignus
723 2610 797 2669 dedit
808 2632 817 2681 ς
839 2632 868 2672 et
885 2634 1005 2694 regnum

286 2761 288 2765 ,
326 2688 458 2749 restituit.
474 2709 526 2749 rv1
540 2688 683 2766 elephnnti
695 2708 794 2758 erant,
807 2712 881 2767 qnos
893 2692 1009 2753 tradidit
1076 2726 1077 2729 η

325 2765 517 2837 Alexandro,
540 2772 685 2847 multaque
697 2790 801 2847 pecora
812 2772 928 2833 eximite
940 2794 1004 2831 rna-

323 2844 477 2926 gnitudinis
489 2870 499 2909 t
511 2865 607 2912 tauros
617 2850 652 2912 ad
663 2849 831 2923 simillia,
845 2853 1007 2933 pretiosum

1076 146 1077 235 l

335 446 398 521 '45‘0‘
519 436 846 519 Qenn‘rlr

1076 2448 1077 2499 l
