2350 3967
357 456 420 524 sss
540 438 583 528 Qu
623 430 861 509 culturi

357 547 463 691 anim
477 564 604 609 morsum
620 561 738 626 presens
749 564 828 607 nrors
843 546 1044 623 sequebatur3

379 648 452 692 onec
470 633 507 689 ab
525 626 630 689 incolis
649 626 805 687 remedium
828 626 966 687 oblatum
986 646 1044 690 est.

358 704 438 771 Hinc
462 728 513 787 per
532 707 641 769 deserta
661 718 780 771 uentum
800 705 898 767 estad
927 706 1042 767 flumen

356 779 520 868 Hyaroten.
539 785 676 854 Juncturn
696 798 757 847 erat
776 781 888 847 flumini
909 807 1041 855 nemus,

356 885 482 948 opacum
500 867 645 928 arboribus
662 862 730 927 alibi
748 862 887 927 inusitatis
940 886 1041 948 agres-

352 950 485 1026 tiumque
510 963 658 1026 pauonum
680 942 862 1007 multitudine
887 902 1044 1023 frequens·

356 1026 464 1089 Castris
483 1028 548 1087 inde
567 1024 654 1087 motis
677 1022 813 1104 oppidum
835 1022 912 1085 haud
933 1024 1040 1103 procul

354 1106 482 1187 positum
492 1124 602 1167 corona
611 1100 703 1182 capit3
721 1102 920 1183 obsidibusque
932 1126 1038 1183 accep·

354 1188 391 1248 tis
400 1182 764 1265 stipendiuminrpouit.Ad
772 1202 911 1279 magnam
921 1186 1037 1254 deiude,

356 1266 1034 1348 utinearcgione‚urbempervenrr‚nonmuto

355 1347 474 1416 solum,
492 1348 538 1407 sed
554 1346 642 1406 eriam
656 1342 758 1421 palude
774 1342 931 1405 munitam.
946 1344 1036 1405 Cett-

356 1445 421 1489 rum
434 1427 544 1487 barbari
555 1422 693 1488 uehiculis
703 1422 775 1485 inter
790 1422 937 1503 sejunctis
949 1424 1035 1486 dimi·

355 1507 446 1567 caturi
464 1520 645 1566 occurrerunt
655 1504 741 1570 taliis
756 1502 834 1573 telas
850 1504 913 1563 aliis
924 1502 1033 1572 hasta,

356 1586 420 1646 aliis
431 1606 541 1645 secures
552 1599 632 1644 erant
643 1605 652 1643 s
665 1582 915 1661 transiliebantque
933 1582 964 1643 iu
981 1604 1034 1645 ve·

356 1664 451 1725 hicuia
463 1682 578 1725 strenuo
588 1663 660 1724 saltu
671 1702 681 1731 ‚
694 1685 760 1723 curn
771 1682 936 1725 succurrere
947 1665 1033 1725 labo*

354 1745 480 1806 rantibus
497 1745 555 1804 suis
567 1744 687 1805 vellent.
704 1736 749 1803 Ac
766 1742 862 1821 primo
879 1742 1033 1805 insolitum

354 1835 443 1906 genus
453 1839 553 1904 pugnae
563 1824 735 1885 Macedonas
745 1821 863 1891 terruit,
879 1844 950 1883 cum
960 1824 1033 1887 erni.-

354 1925 407 1966 nus
424 1905 638 1966 vuinerarentur
654 1927 663 1965 s
680 1900 780 1963 deinde
796 1920 890 1979 spreto
907 1920 970 1963 tarn
988 1904 1034 1963 iu·

354 1985 473 2047 condito
481 1984 606 2053 auxilio,
619 1984 654 2043 ab
663 2000 784 2060 utroque
792 1982 883 2059 latere
891 1982 1034 2045 vehiculis

353 2064 518 2124 circumfusi
540 2079 727 2153 repugnantes
746 2060 843 2123 fodere
870 2079 1033 2141 coepemnta

314 2160 319 2167 ’
352 2134 524 2210 Εῐνίηαιὶα,
537 2134 634 2218 quibus
646 2155 774 2201 conserta
787 2158 884 2211 etant,
897 2142 979 2221 jussit
989 2142 1033 2201 irt-

353 2219 437 2288 cidi,
459 2240 510 2299 prro
519 2219 641 2297 facilius
660 2218 773 2299 singula
790 2219 1029 2283 circumveniren-

352 2315 408 2362 tur.
426 2300 524 2376 ltaque
540 2320 623 2361 vrrr
642 2300 768 2360 millibus
783 2320 902 2361 suorum
917 2302 1030 2365 antissis

353 2378 384 2442 in
399 2380 536 2460 oppidum
554 2382 730 2461 refugerunt.
749 2379 870 2439 Postero
886 2380 932 2443 die
948 2383 1031 2445 scalis

353 2462 476 2539 undique
486 2462 608 2521 admotis
624 2461 699 2519 muri
714 2477 892 2537 occupantur
907 2484 916 2521 ε
933 2463 1030 2538 paucis

335 2597 338 2602 ,
353 2541 504 2619 pernicitas
514 2538 595 2599 saluti
606 2540 670 2601 fuit.
681 2537 743 2616 Qui
754 2539 874 2619 cognito
889 2542 966 2601 urbis
977 2560 1030 2601 ex·
1089 2562 1090 2619 p

352 2621 429 2683 cidio
451 2621 583 2700 paludem
606 2637 809 2687 transnavere,
832 2638 864 2679 et
886 2622 918 2680 iu
935 2620 1029 2683 vicina
1089 2646 1090 2669 t

352 2701 458 2789 oppida
478 2702 626 2782 ingentem
648 2699 769 2758 intulere
791 2714 957 2773 terrorem3
982 2698 1029 2759 in·
1089 2712 1090 2747 ἲ

347 2796 453 2839 uterum
466 2778 637 2847 exercitum,
660 2796 686 2839 et
698 2779 822 2839 Deorum
837 2776 1027 2859 profectomi-

351 2856 857 2935 venissemeutorantes..Alexander
868 2860 1031 2929 adraanus
1089 2878 1090 2881 ’
