2350 3967
316 475 508 548 trusa
545 483 671 550 vrrr.
771 463 871 560 ln·

144 577 283 654 saltum,
307 601 336 646 et
354 588 403 648 vix
427 587 501 648 inter
523 585 652 648 flammas
670 585 830 670 agminibus

96 725 101 728 .
144 669 290 728 relictum
299 667 408 727 locum.
420 666 479 728 Hic
491 669 571 728 calor
584 669 723 746 stupentia
735 687 830 726 mern-

145 745 830 824 bracommovit,paulatimquespiritus,quem

145 825 338 886 continuerat
350 826 447 905 rigor,
459 846 554 886 meare
567 827 652 885 libere
663 825 758 903 coepit.
770 825 831 884 Ex·

147 924 259 982 tepere
270 905 343 964 alios
358 921 432 965 tecta
447 907 651 982 barbarorum,
667 926 727 984 quae
742 906 771 965 in
781 907 829 965 ul·
899 931 902 936 ·

148 986 231 1044 timo
243 983 317 1043 saltu
329 984 422 1044 abdita
434 987 582 1046 necessitas
592 986 830 1066 investigaverat:

149 1065 230 1124 alios
240 1080 352 1132 castra,
369 1085 431 1142 quae
448 1063 477 1122 in
494 1064 613 1126 humido
627 1065 762 1144 quidem,
782 1062 830 1124 sed

152 1144 216 1220 jam
235 1143 304 1204 coeli
323 1142 490 1204 mitescente
508 1144 631 1212 saevitia,
651 1145 829 1206 locaverunt.

150 1222 244 1284 Mille
255 1222 381 1282 militum
391 1263 400 1292 ‚
412 1240 496 1300 atque
505 1227 627 1284 lixarum
638 1225 828 1301 calonumque

151 1303 242 1380 pestis
259 1303 310 1360 illa
330 1303 496 1362 consumsit.
521 1303 670 1364 Memoriae
686 1303 829 1380 proditum

152 1399 220 1452 est,
237 1381 377 1458 quosdam
388 1383 543 1458 applicatos
558 1383 690 1441 arborum
703 1381 829 1452 truncis,

153 1480 185 1522 et
202 1477 267 1520 non
280 1460 376 1520 solum
394 1462 574 1528 viventibus,
597 1461 643 1522 sed
665 1481 693 1522 et
711 1462 784 1521 inter
799 1479 828 1522 se

152 1539 388 1616 colloquentibus
413 1541 519 1600 similes
544 1559 603 1600 esse
631 1559 797 1620 conspectos
818 1561 828 1614 ς

151 1620 277 1680 durante
288 1617 378 1678 adhuc
392 1617 509 1687 habitu,
525 1620 622 1697 inquo
633 1641 710 1680 mors
723 1641 825 1697 quem·-

151 1717 212 1778 que
230 1697 463 1774 deprehenderat.
484 1698 569 1760 Forte
587 1699 708 1760 Macedo
725 1721 828 1782 grega-

151 1778 826 1856 riusmilessequeetarmasustentans,tanderu

152 1859 185 1920 in
200 1876 292 1918 castra
305 1875 482 1935 pervenerat.
498 1858 568 1938 Quo
582 1859 643 1919 viso
654 1877 722 1929 rex.
738 1878 827 1936 quan-

152 1958 243 2015 quam
253 1937 312 2015 ipse
323 1955 390 1997 tunc
401 1938 527 1998 maxime
537 1937 654 1996 admoto
670 1939 735 2018 igne
750 1938 796 1997 ref
812 1967 827 1980 -

141 2019 242 2079 ‘vebat
254 2031 350 2084 artus,
366 2036 402 2076 ex
416 2019 486 2077 sella
500 2039 546 2078 sua
563 2017 677 2076 exsiluit
688 2057 697 2085 ‚
707 2034 825 2094 torpen-

150 2113 273 2172 temque
282 2095 421 2165 militem‚
433 2115 462 2156 et
472 2098 520 2158 vix
530 2100 696 2173 compotem
708 2097 826 2167 mentis,

149 2175 258 2236 demtis
276 2175 362 2235 armis
377 2173 407 2234 itt
425 2190 476 2235 sua
493 2174 559 2236 tede
578 2177 655 2253 jussit
669 2175 826 2242 considere.

149 2255 208 2316 Ille
224 2254 274 2316 diu
290 2255 411 2316 necubi
429 2257 637 2333 requiesceret;
657 2278 712 2318 nec
729 2279 745 2318 a
765 2279 824 2336 quo

150 2351 228 2395 esset
245 2350 399 2411 exceptus,
414 2337 542 2416 agnovit.
561 2337 692 2396 Tandem
710 2355 824 2414 recepto

85 2448 87 2452 >
149 2416 252 2476 calore
268 2412 368 2482 vitali,
390 2431 422 2474 ut
438 2416 545 2496 regiam
563 2417 657 2475 sedent
673 2434 825 2495 regemque

148 2493 247 2564 vidit,
269 2493 383 2553 territus
398 2496 495 2573 surgit.
514 2493 611 2571 Quem
628 2494 736 2553 intuens
753 2494 825 2554 Ale*
872 2516 878 2535 .

148 2574 279 2641 xander,
297 2569 396 2650 ecquid
411 2570 571 2652 intelligit,
592 2571 693 2642 milet,
711 2573 823 2651 inquit,

147 2669 250 2732 quanto
263 2648 377 2710 meliore
390 2670 480 2720 sorte,
498 2672 576 2730 quam
585 2648 684 2712 Persoe
695 2651 744 2711 rub
758 2673 825 2732 rege

147 2731 256 2794 vivatis
265 2726 363 2790 siliis
374 2729 446 2789 enim
457 2728 486 2789 itt
498 2729 567 2790 tella
577 2731 653 2810 regis
665 2729 825 2792 consedisse

147 2809 270 2892 capitale
275 2806 382 2886 [στοις
400 2805 450 2866 tili
463 2806 548 2868 saluti
555 2807 626 2886 suit.
644 2810 763 2871 Postero
778 2812 824 2874 die

144 2889 318 2959 convocatis
339 2886 439 2949 amicis
456 2891 659 2969 copiarumque
680 2889 824 2962 ducibus,
