2350 3967
351 483 400 536 iod
447 479 474 538 J.
512 480 703 537 subruisti.
737 476 930 536 SUPPLEM·

347 572 449 630 cubuit,
468 571 585 624 fluctibus
595 568 716 636 operitur.
726 572 804 636 quue
811 570 897 637 hyeme
905 573 1026 642 frequens

347 655 373 692 ct
381 655 459 706 prope
468 653 613 706 perpetuum
623 653 669 692 est.
681 638 719 690 At
728 639 872 716 allexander
882 636 1024 704 nihiloque

347 725 375 757 ac
395 725 488 758 moram
507 721 636 764 metucns,
656 716 789 757 exercitum
806 723 854 770 per,
871 722 955 771 equa,
975 719 1023 770 per

346 773 448 841 iniqua,
468 777 557 826 eodem
582 776 669 825 ardore
691 789 762 839 atque
784 773 877 837 impetu
900 772 1023 836 rapiebat·

347 841 467 894 Continui
476 857 521 908 per
530 859 573 893 eos
582 841 634 892 dies
649 842 735 891 Austri
746 841 883 900 flaverant,
899 839 940 904 qui
950 857 1023 891 mare

316 960 319 967 Ι
348 909 374 960 in
383 911 442 960 litus
451 912 635 976 propellentes,
647 909 730 958 omnis
739 907 834 958 itineris
843 907 950 974 vestigia
960 907 1022 957 altis

346 977 475 1044 paludibus
486 978 589 1042 opplent
605 997 611 1028 t
622 977 719 1026 assiduo
729 975 802 1026 etiarn
813 992 952 1041 magnaeque
960 977 1022 1040 plu-

347 1044 392 1096 viae
401 1081 408 1105 ,
426 1056 453 1096 ut
468 1045 548 1096 ventis
566 1042 620 1094 istis
636 1042 784 1107 spirantibus
798 1045 864 1094 solet
879 1079 886 1102 ,
904 1043 1022 1096 ruebant·

347 1113 392 1162 Sed
404 1113 548 1164 adventant:
559 1109 703 1162 Alexandro
718 1110 800 1161 subito
811 1125 909 1161 exortus
920 1109 1021 1176 Aquilo

347 1181 437 1232 coelum
446 1179 563 1246 purgavit
571 1177 690 1230 imbribus
699 1179 793 1245 ,undas
801 1178 887 1239 rejecit
896 1177 922 1228 in
931 1195 1000 1228 mare
1012 1215 1024 1237 ,

347 1261 373 1296 et
390 1247 567 1298 Macedonibus
588 1247 718 1297 transitum
737 1245 841 1312 aperuit.
861 1245 900 1296 Sic
920 1244 1021 1311 quoque

340 1312 416 1382 ¹unius
436 1315 485 1364 dier
502 1329 588 1366 itinere
600 1313 745 1380 perincerta
762 1315 824 1364 vada
842 1315 1021 1379 emergendum

346 1380 395 1430 fuit
406 1397 414 1442 3
427 1395 488 1448 aqua
498 1383 527 1431 ad
537 1382 680 1432 umbilicum
690 1384 765 1432 ferme
775 1379 941 1448 pertingente.
950 1383 1022 1432 Tan-

347 1462 397 1498 tam
407 1447 432 1498 in
442 1448 558 1513 periculis
567 1447 703 1500 Alexandri
715 1447 828 1498 fiduciam
837 1487 846 1508 ‚
866 1463 892 1498 ut
902 1449 931 1497 ab
939 1447 1022 1512 ipsius

346 1515 448 1582 ingenio
462 1521 598 1580 profectam
613 1534 663 1567 nou
679 1514 785 1574 dubit03
801 1517 836 1568 ita
850 1516 1022 1580 frequentibus

345 1583 470 1650 prodigiis
494 1599 520 1634 et
540 1583 662 1634 ominibus
685 1597 780 1634 suetam
804 1582 1021 1648 confirmatamque

338 1650 419 1702 ‘fuisse
429 1647 575 1703 crediderim
591 1671 598 1702 ι
613 1666 758 1715 postquam,
777 1649 875 1700 decreto
891 1649 1019 1711 numinis,

348 1717 489 1769 clarissimis
502 1717 660 1782 maximisque
675 1719 746 1770 rebus
761 1734 785 1767 se
801 1717 916 1768 destinari
933 1720 1023 1781 conje-

341 1784 392 1852 cit.
403 1786 494 1838 Adhuc
504 1785 529 1836 in
544 1783 798 1850 Macedoniadegtnti
810 1785 903 1851 species
912 1784 1021 1839 bumana

340 1853 473 1920 ‚augustior
494 1853 632 1919 apparuisse
655 1852 767 1912 dicitur,
792 1853 916 1905 monentis
937 1871 966 1906 ut
985 1858 1020 1906 ud

347 1923 497 1974 evertendum
512 1925 636 1990 imperium
652 1924 777 1974 Persicum
795 1925 969 1992 quamprimum
991 1925 1019 1975 in

346 1988 432 2040 Atium
446 2001 580 2056 sequeretur
595 1999 688 2056 :atque
698 1988 723 2038 in
737 1989 881 2040 memoriam
897 1987 1018 2040 insomnii

345 2069 488 2106 revocatum
498 2073 549 2106 esse
562 2074 665 2122 regem,
686 2073 741 2106 cum
757 2057 783 2106 iu
793 2056 907 2108 Phoenice
917 2075 956 2108 res
969 2075 1020 2122 ge·

345 2138 426 2180 reret,
443 2117 519 2172 obvio
530 2125 670 2174 Judaeorurn
684 2125 827 2183 sacerdote,
846 2124 929 2192 inquo
943 2141 1020 2176 reco-

340 2188 434 2255 gnovit
443 2203 554 2239 ornatum
564 2226 572 2248 ,
582 2207 653 2256 quem
663 2191 758 2256 pridem
768 2192 793 2242 in
802 2192 899 2254 objecta
908 2193 1017 2258 imagine

342 2269 387 2320 per
397 2253 503 2320 quietern
518 2255 625 2308 viderat.
634 2261 699 2310 Nam
713 2259 777 2311 inter
790 2258 945 2312 obsidionem
953 2260 1017 2328 Tyri

343 2321 431 2372 vicinis
440 2322 539 2389 regibus
547 2325 694 2405 populisque
704 2327 858 2379 deditionem
866 2346 892 2385 et
902 2329 1019 2380 delectus

339 2387 513 2465 imperaverat.
526 2395 679 2455 SedJudaeu,
694 2395 735 2462 qui
744 2395 918 2463 Hierosolyma
932 2399 1018 2448 famo-

341 2475 391 2510 sam
407 2460 488 2512 urbem
501 2463 637 2520 tenebant,
654 2465 734 2514 foedus
743 2481 796 2514 cum
807 2463 885 2516 Dario
900 2464 992 2515 causati
1005 2502 1014 2524 ,

340 2527 505 2580 Macedonum
519 2529 652 2582 amicitiam
662 2533 840 2584 detrectabant.
854 2536 914 2588 Eam
929 2533 1016 2599 gentis

340 2596 519 2650 contumaciam
534 2597 681 2664 puniturus,
700 2596 726 2650 in
740 2598 848 2651 Judaeum
861 2599 951 2652 infesto
965 2619 1013 2667 ag·

339 2662 404 2713 mine
420 2665 538 2728 perrexit.
551 2667 591 2718 At
599 2664 820 2732 Hierosolymitani
830 2683 857 2719 ut
869 2667 935 2734 regis
947 2667 1011 2720 iram

338 2728 467 2791 lenirent,
492 2749 547 2784 eum
564 2733 679 2784 uxoribus
693 2732 826 2802 liberisque
842 2735 967 2802 supplices
984 2733 1013 2786 in

338 2813 467 2849 occursum
476 2800 598 2852 venientis
608 2802 773 2855 effunduntur.
783 2805 925 2854 Sacerdotes
934 2802 1012 2870 primi

338 2862 407 2916 ibunt
422 2866 564 2922 tenuissima
579 2869 651 2938 bysso
661 2868 745 2923 amicti
755 2888 762 2923 t
771 2870 818 2924 hos
827 2869 920 2943 deiude·
929 2890 1016 2942 popu·
