2350 3967
377 471 568 555 LIBER
615 475 694 547 tin·
812 494 916 561 'rt'r¹

188 589 330 652 ureret,
356 583 402 644 sed
427 585 514 645 etiam
541 586 649 648 famam
674 591 689 660 (
712 584 772 648 sive
797 586 869 648 illud

184 663 353 741 'triumphus
373 661 425 724 fuit
446 667 481 726 ab
502 684 538 724 eo
557 667 681 743 primum
698 667 866 736 institutus,

121 772 126 782 ·
183 745 254 804 ‘sive
276 741 475 804 bacchantium
495 745 598 814 lusus)
618 746 711 806 statuit
730 745 865 814 imitari,

190 823 295 883 animo
320 843 402 900 super
426 821 583 884 humanum
608 823 752 960 rescipiens
773 826 864 885 elato.

188 893 224 963 V
220 902 280 961 icor
291 941 300 971 ‚
313 921 442 981 perquer
455 900 598 970 irererar,
607 901 675 982 flori
696 921 727 962 us
741 902 866 963 coronis·

186 997 242 1059 que
254 979 342 1040 sterni
357 981 451 1057 jubet:
466 977 608 1040 liminibus
626 980 725 1041 sedium
741 996 865 1042 crateras

186 1059 256 1120 vino
271 1057 387 1135 repletos
398 1099 409 1129 ,
428 1075 455 1118 et
466 1058 523 1118 odio
536 1059 652 1120 eximie
660 1059 864 1140 magnitudinis

186 1157 260 1198 vasa
279 1137 389 1218 disponi
406 1165 415 1198 :
431 1135 556 1198 vehicula
576 1137 685 1198 deinde·
696 1157 863 1209 constrato,

188 1231 221 1276 itt
234 1215 328 1296 piures
341 1236 436 1297 capere
451 1214 554 1277 milites
563 1235 696 1300 possent,
719 1219 749 1276 in
768 1219 861 1277 taber·
951 1245 954 1248 ⁴

185 1295 347 1356 traculorum
369 1295 476 1356 modum
501 1295 619 1366 ornari,
646 1296 704 1356 aiio
729 1295 861 1356 candidis

187 1371 280 1445 velis,
293 1372 350 1434 alio
361 1368 437 1436 veris
445 1373 576 1456 pretiosa.
586 1375 675 1436 Primi
685 1378 764 1436 ibant
773 1374 862 1436 amici

187 1469 218 1513 et
238 1452 343 1513 cohors
365 1454 465 1535 regia,
490 1455 574 1514 variis
595 1454 723 1523 redimita
744 1453 861 1514 floribus

185 1533 358 1610 coronisque
372 1554 381 1606 ς
406 1534 473 1592 aiibi
486 1533 635 1600 tibicinum
647 1550 765 1600 cantus,
790 1531 861 1591 alibi

184 1609 254 1688 lyrae
272 1631 357 1671 sonus
374 1611 538 1676 audiebatur
556 1635 565 1671 s
585 1613 655 1672 item
673 1614 702 1671 in
722 1611 860 1673 vehiculis

186 1707 241 1768 pro
253 1691 335 1768 eopia
346 1689 480 1768 cujusque
490 1690 647 1761 adornatis,
658 1693 859 1752 comessabun·

185 1768 238 1829 dus
253 1768 415 1840 exercitus,
438 1768 523 1832 armis
544 1791 604 1847 quae
616 1771 742 1830 manime
753 1771 859 1829 decora

185 1865 268 1908 erant
279 1847 582 1924 circumpendentibus.
599 1850 694 1925 Ipsum
705 1849 859 1909 convivas-

185 1946 243 2006 que
259 1947 356 1988 currus
374 1925 512 1996 vehebat,
536 1929 648 1988 crateris
666 1928 756 1987 aureis
776 1927 855 2003 ejus·

184 2007 309 2083 demque
331 2005 454 2066 materiae
473 2005 632 2086 ingentibus
651 2008 761 2082 poculis
778 2012 856 2083 ‘prce-

183 2086 289 2224 firavis.
302 2083 370 2144 Hoc
382 2084 470 2144 modo
483 2105 533 2160 per
544 2085 601 2144 dies
612 2104 719 2162 septem
731 2083 857 2145 baccha-

204 2163 311 2224 undum
327 2181 431 2242 agmen
448 2162 580 2236 incessit3
598 2181 677 2241 parta
696 2163 808 2240 prada,
831 2163 855 2223 si

181 2241 251 2321 quid
276 2243 357 2304 victis
383 2242 483 2301 saltem
511 2242 643 2303 adversus
666 2259 855 2303 comessantes

182 2321 274 2382 animi
285 2321 398 2380 fuisset:
412 2319 493 2381 mille
504 2320 641 2390 hercule,
656 2323 709 2383 uiri
721 2323 810 2380 modo
824 2337 855 2382 et

180 2399 294 2468 sobrii,
315 2415 423 2476 septem
444 2399 553 2459 dierum
573 2401 686 2475 crapula
706 2415 805 2478 graves
822 2402 854 2459 in

182 2501 237 2540 suo
256 2477 400 2554 triumpho
421 2497 520 2554 capere
539 2495 701 2554 potuerunt.
715 2478 769 2537 Sed
789 2479 853 2537 fot-

182 2574 272 2627 tuna,
291 2577 351 2634 quae
366 2559 446 2617 rebus
459 2558 564 2616 famam
577 2558 755 2634 pretiumque
768 2577 854 2616 cons·

183 2636 282 2705 tituit‚
304 2633 350 2695 hic
364 2655 477 2713 quoque
495 2636 602 2696 miiitiae
617 2637 753 2711 probrum
769 2637 856 2696 vertit

180 2715 210 2776 in
224 2714 360 2796 gloriam.
377 2715 414 2774 Et
427 2735 544 2791 praesens
558 2733 644 2782 setas,
666 2732 694 2772 et
705 2715 854 2789 posteritas

178 2795 278 2855 deinde
294 2793 395 2854 mirata
405 2811 465 2884 est,
478 2813 526 2874 per
538 2813 637 2873 gentes
650 2790 767 2852 nondum
780 2793 853 2853 satis

177 2871 298 2938 domitos
320 2871 473 2935 incessisse
496 2871 681 2939 temulentos,
705 2869 855 2951 barbaris,

638 2971 669 3037 V
686 2992 707 3034 u
724 2971 755 3035 ir
