2350 3967
274 481 330 532 nt
366 481 403 544 Q.
440 479 628 532 cuntium
660 479 690 534 t.
723 484 767 536 η.
822 471 868 542 10³5

162 566 285 636 penitus
303 567 414 618 excussit
430 581 562 626 somnum,
579 568 622 617 sed
631 573 711 619 tamen
724 577 795 622 avem
809 581 871 621 con-

165 637 251 688 tinuo
280 634 396 700 strepitu
417 635 550 685 molestam
569 633 674 686 sentiens
696 649 770 689 manu
786 638 869 689 obiter

166 702 291 768 repulit.
304 705 354 754 Illa
369 702 433 752 adeo
446 718 499 751 non
512 700 630 752 exterrita
643 718 696 762 est,
710 719 739 756 ut
753 704 827 757 etiam
840 705 869 757 in

166 769 257 835 ipsius
270 770 360 836 capite
370 767 531 829 consederit,
545 781 623 835 neque
630 767 697 834 prius
710 785 815 836 strepere
824 774 869 824 de·

167 831 275 897 aierit,
301 849 379 902 quam
394 839 426 887 ab
440 851 586 900 experrecto
602 837 697 888 demum
712 840 797 890 abacta
819 853 867 892 est.

168 906 261 970 quue
286 904 324 956 sic
349 903 528 968 interpretatus
549 907 631 956 fuerat
648 903 818 968 Adstander,
839 923 868 958 ut

169 972 280 1026 instare
288 974 432 1040 periculum
446 969 539 1022 diceret
550 971 580 1022 ab
592 973 668 1024 amico
681 977 764 1043 regim
776 977 817 1028 ard
829 977 868 1025 ira·

171 1042 263 1092 sidias
273 1042 299 1090 in
309 1042 408 1092 occulto
417 1057 464 1090 non
474 1055 614 1092 mansuras.
632 1040 684 1092 Hoc
693 1043 755 1092 enim
773 1059 866 1096 monete

172 1118 305 1158 naturam
314 1107 389 1164 avis,
407 1124 458 1173 quaa
463 1123 515 1173 prae
524 1107 609 1158 ceteris
617 1108 705 1158 homini
708 1110 864 1172 familiaris,

171 1177 311 1242 eademque
328 1189 405 1241 supra
419 1177 512 1224 modum
525 1177 631 1241 garrula
643 1190 711 1226 esset.
723 1173 770 1224 His
784 1174 867 1241 itaque

173 1240 327 1307 diligenter
342 1238 470 1304 expensis,
488 1251 543 1290 cum
557 1238 678 1289 indicium
690 1240 795 1292 Asisinis
810 1261 866 1294 cum

173 1307 252 1358 vatis
269 1317 392 1371 responso
408 1305 541 1358 contenire
554 1316 685 1367 cerneret,
703 1308 867 1360 meminisset·

172 1389 232 1440 que
249 1391 277 1426 se
291 1373 380 1424 matris
394 1373 475 1426 literis
488 1373 558 1424 anxie
573 1373 712 1433 monitum,
732 1385 761 1427 ut
779 1377 808 1429 ab
824 1379 868 1429 hoc

174 1445 280 1494 homine
295 1443 345 1494 sibi
361 1457 474 1500 caverat
493 1440 556 1492 nihil
572 1442 637 1492 ultra
653 1441 813 1494 differendum
829 1459 869 1493 ra-

175 1523 245 1568 tus,
270 1509 334 1575 quid
351 1508 405 1559 fieri
422 1507 519 1570 vellet,
544 1507 703 1560 Parmenioni
720 1509 865 1578 significat:

177 1593 242 1627 nam
261 1593 290 1626 ut
309 1575 437 1636 diximus,
457 1593 511 1628 eum
525 1575 581 1641 ipso
600 1575 626 1627 in
640 1576 771 1644 Phrygiam
785 1578 868 1630 iverat

176 1646 323 1712 Lyncestes
338 1643 490 1698 Alexander.
505 1645 550 1696 Sed
559 1653 591 1694 ne
604 1661 651 1711 quo
661 1662 718 1696 casu
732 1645 864 1698 eonsilium

177 1711 253 1780 regis
267 1727 356 1778 parum
368 1711 396 1762 in
404 1728 513 1777 tempore
521 1713 681 1778 proderetur,
695 1711 780 1764 literas
788 1715 866 1766 scribi

179 1797 237 1831 non
253 1779 373 1844 placuit3
389 1781 432 1830 sed
445 1797 488 1844 per
504 1779 629 1830 hominem
640 1776 715 1831 fidunt
731 1791 802 1848 atque
816 1783 864 1832 ho-

180 1863 306 1898 noratum
322 1848 435 1898 mandata
450 1846 562 1912 perferri.
578 1843 677 1898 Electus
694 1863 731 1898 est
747 1851 866 1914 Ampho-

181 1931 255 1967 terus
270 1913 371 1966 Crateri
383 1918 474 1974 frater,
490 1914 533 1980 qui
550 1925 605 1964 cum
617 1913 805 1966 Macedonicum
821 1917 866 1966 ha-

183 1985 268 2034 bitum
286 1981 399 2048 Phrygio
417 1995 556 2040 mutasset,
576 1978 687 2030 assumtis
703 1976 866 2047 Pergensibu's

182 2050 286 2116 aliquot
296 2049 393 2100 itineris
402 2049 500 2116 gnaris,
516 2050 546 2099 ad
557 2046 741 2100 Parmenionem
751 2051 866 2101 occultus

181 2132 312 2184 penetrat.
327 2119 366 2167 lta
375 2119 516 2168 Alexander
530 2114 761 2181 comprehenditur:
773 2131 864 2169 etcum

182 2187 219 2238 ob
234 2199 347 2240 veterem
361 2198 429 2236 tuam
446 2183 592 2249 familiaque
609 2182 756 2249 dignitatem
771 2201 796 2236 et
806 2204 878 2253 gra·-

181 2253 245 2304 tiam
256 2251 300 2302 diu
318 2252 410 2303 dilatus
420 2268 498 2311 essert
518 2250 595 2303 tertio
609 2262 668 2316 post
682 2264 763 2312 anno,
778 2249 836 2304 dum
850 2271 865 2302 a

179 2321 292 2371 Philota
307 2320 415 2371 consciis
431 2317 580 2386 supplicium
601 2318 723 2378 sumitur,
744 2320 864 2372 societate

183 2387 316 2448 criminis,
334 2403 363 2439 et
378 2405 449 2453 poena
464 2385 572 2438 sontium
588 2385 615 2436 in
631 2384 733 2438 exitium
750 2389 864 2452 abreptus

182 2456 270 2522 periit.
287 2456 354 2522 Regi
370 2473 399 2506 ex
411 2453 540 2506 Phaselide
549 2453 679 2512 moventi,
696 2470 767 2518 supra
781 2455 867 2505 detec-

184 2539 223 2574 tas
236 2523 357 2583 insidias,
377 2522 501 2588 propitius
511 2521 616 2573 numinis
630 2525 701 2572 favor
713 2521 765 2571 alio
780 2521 863 2572 statim

185 2591 305 2658 beneficio
320 2591 415 2660 patuit.
432 2592 507 2642 Parte
522 2587 645 2640 exereitus
659 2589 691 2637 ad
704 2587 863 2654 Pergensium

182 2661 263 2712 urbem
283 2676 331 2726 per
349 2675 448 2710 montes
465 2657 588 2722 praemissa
603 2673 611 2714 3
629 2670 728 2706 ceteros
748 2655 800 2722 ipse
818 2673 865 2722 per

179 2726 238 2780 litus
250 2729 379 2790 ducebat,
396 2745 441 2794 qua
452 2725 554 2777 Climax
563 2739 634 2776 mons
642 2724 787 2790 Pamphylio
801 2723 863 2776 mari

179 2795 311 2850 imminens
327 2811 459 2863 angustam
476 2791 591 2843 euntibus
607 2789 719 2842 semitam
728 2791 862 2858 relinquit,

179 2865 276 2933 quoties
290 2881 361 2920 mare
371 2859 541 2932 tranquillum
557 2875 613 2920 est5
632 2872 657 2911 ar
673 2874 726 2910 cum
740 2875 811 2914 astus
824 2860 864 2912 in·
