2350 3967
334 453 527 525 LIBER
565 454 674 531 Vll.
780 472 840 551 '355

155 559 278 647 cognita
289 562 365 644 regis
374 564 544 635 voluntate,
559 586 620 626 non
633 564 749 644 quidem
764 560 840 633 indi4

199 646 262 707 atio
277 664 287 719 ς
306 642 355 703 sed
370 660 466 705 tamen
484 644 585 705 seditio
603 668 763 725 compressa
783 669 843 725 este

155 664 288 803 gilapsis
298 724 425 801 pluribus
439 724 523 801 pauci
534 744 747 798 remanserunt,
765 732 836 808 qui,

154 800 838 884 saltemutcorpusipsiussepelirepermitterenr,

155 886 360 965 precabantur.
373 881 432 943 Diu
440 883 469 943 id
479 900 615 964 negatum
624 900 683 955 est,
700 886 839 951 Cleandri

156 980 262 1032 metu,
287 982 325 1022 ne
351 960 505 1023 offenderet
529 982 638 1044 regem.
664 965 837 1031 Pertinacius

156 1044 263 1105 deinde
281 1042 481 1121 precantibus,
501 1044 651 1104 materiem
668 1064 835 1109 consterna·

157 1125 248 1186 tionis
267 1120 485 1183 subtrahendam
504 1138 601 1191 ratus,
625 1125 718 1201 capite
737 1128 835 1189 deciso

157 1218 296 1266 truncum
311 1200 429 1263 humare
439 1200 576 1279 permisit.
585 1202 631 1262 Ad
639 1222 739 1296 regem
750 1222 837 1285 caput

157 1285 282 1345 missum
297 1298 350 1342 est.
371 1280 430 1341 Hic
445 1282 534 1343 exitus
546 1280 745 1345 Parmenionis
757 1286 837 1357 snit,

158 1362 273 1425 utilitia
281 1361 417 1437 domique
428 1362 496 1422 clari
509 1358 576 1423 viri.
591 1362 686 1422 Multa
696 1363 757 1423 sine
768 1382 836 1446 rege

157 1458 318 1523 prospete3
340 1458 392 1500 rex
413 1441 472 1501 sine
495 1441 548 1501 illo
568 1438 642 1501 nihil
663 1462 774 1524 magne
795 1441 841 1507 tei

196 1538 295 1583 sserat.
322 1518 502 1583 Felicissimo
523 1519 611 1601 regi,
634 1538 664 1582 et
684 1524 783 1584 omnia
800 1523 836 1585 acl

169 1619 281 1663 ortunae
312 1622 377 1661 sua*
395 1600 520 1682 exigenti
542 1600 664 1662 modum
691 1602 863 1670 satisfecit..

157 1702 225 1745 cxx
241 1696 324 1755 natus
340 1700 453 1751 annos,
474 1680 584 1758 juvenis
599 1680 698 1750 ducis,
718 1700 747 1743 et
762 1704 836 1763 saepe

156 1763 249 1826 etiam
264 1760 388 1842 gregarii
398 1760 496 1820 militis
506 1758 602 1821 munia
612 1761 746 1839 explevit·
757 1763 838 1827 Acer

156 1840 286 1905 consilio
298 1862 309 1913 3
324 1860 411 1901 manu
425 1854 551 1901 strenuus
568 1861 578 1911 ;
601 1861 682 1902 carus
696 1841 835 1921 principi·

157 1926 230 1994 bus3
246 1921 338 2001 vulgo
349 1918 474 1981 militum
485 1919 640 1994 acceptior.
654 1919 726 1981 Hac
740 1922 836 2000 impu·

155 1998 836 2092 lerintillumadregnicupiditatem3antantum

157 2096 325 2159 suspectum
345 2078 484 2148 fecerint,
508 2078 616 2161 ambigi
627 2094 735 2157 ‚potest
754 2078 837 2157 Quia
854 2119 858 2130 ι

158 2158 291 2221 Philotas
307 2158 415 2219 ultimis
432 2156 601 2219 cruciatibus
621 2160 713 2223 victus
730 2176 837 2238 verane

157 2241 281 2307 dixerit,
300 2237 449 2317 quaefacta
469 2237 582 2316 probari
600 2260 661 2307 non
677 2257 840 2317 perstante

155 2342 195 2383 an
214 2318 294 2381 falsis
317 2336 528 2379 tormentorum
546 2319 658 2397 petierit
676 2318 788 2390 finem,
807 2338 841 2384 re

157 2419 275 2479 qnoque
287 2393 396 2459 recenti
409 2419 475 2459 eum
486 2418 533 2456 ma
557 2398 577 2457 's
592 2417 686 2477 posset
698 2398 808 2476 liquere
828 2436 855 2469 ,.

156 2482 320 2542 dubitatum
339 2494 391 2538 est.
412 2418 600 2547 Alexanclei,
623 2498 695 2555 quos
712 2493 840 2539 mortem

157 2555 361 2621 Pannenionis
376 2574 546 2634 conquestos
561 2574 621 2619 esse
636 2574 840 2635 compererat,

156 2637 337 2719 separandos·
357 2656 374 2697 a
398 2654 494 2697 cetero
521 2636 648 2698 exercitu
671 2654 776 2710 ratus3
807 2636 841 2697 in
868 2684 872 2689 .

157 2740 248 2781 unam
271 2714 427 2779 cohortem
447 2716 589 2786 secrevit,
617 2716 775 2795 ducemque
795 2716 842 2779 hit

155 2796 324 2859 Leonidam
348 2794 452 2865 dedit,
481 2812 511 2856 et
536 2794 631 2873 ipsum
655 2794 842 2860 Parmenioni

157 2877 308 2960 quondam
323 2875 426 2943 &dms
437 2874 852 3041 familiaritategonjunctums

678 2996 701 3059 K
717 2996 742 3059 ll
