2350 3967
370 484 562 550 LIBER
604 486 645 555 V.
783 492 847 573 '273'

160 586 431 653 tircttmstetissent.
442 588 625 651 Nabarzanes
635 588 748 652 interim
762 594 844 671 elap-

162 694 227 740 sus,
242 690 320 729 mox
329 686 359 729 et
368 668 466 729 Bessus
476 688 605 738 secutus,
617 671 729 748 copias,
741 672 842 751 quibus

162 766 327 829 praeerant,
349 768 367 807 a
387 763 478 808 cetero
499 747 625 808 exercitu
646 750 772 812 secedere
794 753 840 829 ju·

162 832 234 889 bent
248 848 259 901 ς
282 842 425 889 secreurm
436 824 533 887 inituri
546 821 708 893 consilium.
718 832 841 892 Artaba-

162 928 214 969 aus
224 906 450 970 convenientem
461 906 716 988 prasentifortunae
726 926 840 971 senten·

162 986 234 1048 tiam
256 1008 361 1057 orsus,
384 984 515 1067 mitigare
534 985 655 1048 Darium
676 1006 841 1068 temporum

163 1064 321 1129 identidem
347 1064 505 1127 admonens
529 1067 626 1144 coepit.
647 1063 743 1147 Ferret
763 1088 838 1149 aequo

164 1144 258 1207 urimo
271 1142 527 1227 qualiumcumque,
544 1164 777 1219 suorumttmen,
794 1145 840 1209 uei

163 1224 340 1294 stultitiam,
365 1220 411 1285 uei
430 1244 557 1285 ettotam.
580 1222 690 1286 instate
707 1224 837 1287 Alexan-

162 1304 241 1366 drum
287 1302 838 1386 auem,etiamsiomnesptaestoesstntt

163 1382 230 1465 quid
258 1402 389 1452 uturum,
404 1382 451 1453 si,
466 1384 605 1463 persecuti
614 1382 716 1464 fugam
728 1384 837 1465 ipsius,

162 1461 323 1525 alienentur
334 1484 352 1522 a
363 1462 456 1541 tege?
472 1461 516 1523 Ea
528 1482 558 1523 re
568 1463 661 1543 paruit
670 1464 837 1538 Artabazot

162 1560 192 1604 et
201 1563 368 1621 quanquam
377 1562 496 1603 movere
507 1561 597 1604 castra
608 1557 740 1605 statuerat
751 1583 761 1614 ,
776 1561 837 1605 tur·

162 1624 235 1684 batis
255 1642 356 1684 tamen
379 1622 655 1705 omniumanimis,
680 1625 782 1685 eodem
804 1624 836 1684 in

161 1702 231 1764 loco
242 1701 366 1764 substitit
377 1722 387 1774 3
397 1701 443 1762 sed
460 1704 595 1763 attonitus
606 1704 737 1765 moestitia
749 1704 835 1766 simul

159 1800 190 1843 et
209 1781 430 1861 desperatione,
453 1780 637 1843 tabernaculo
657 1802 687 1844 se
709 1785 834 1848 inclusit.

159 1861 238 1956 iirgo
256 1862 296 1954 'in
318 1861 437 1953 castr-is,
458 1883 518 1953 qua
538 1862 643 1924 nullius
664 1864 835 1946 regebantur

157 1962 309 2021 imperto,
332 1960 404 2002 varrr
426 1962 590 2001 animorum
610 1958 705 2001 motus
724 1960 804 2003 erant
821 1963 851 2014 ς.

157 2041 211 2084 nec
223 2022 441 2090 incommune,
457 2038 490 2081 ut
502 2039 584 2081 antea
596 2059 606 2089 ‚
622 2022 832 2083 consulebatur.

156 2100 227 2163 Dux
239 2099 414 2161 Graecorum
430 2098 556 2161 militum
567 2098 674 2161 Patron
687 2119 763 2162 armo
780 2121 833 2167 tar

154 2200 221 2263 pete
238 2201 307 2241 suos
325 2179 429 2257 jubet,
446 2197 611 2259 paratosque
629 2199 692 2240 esre
707 2178 832 2243 ud'exe·

157 2258 296 2339 quendum
326 2256 480 2339 imperium.
511 2260 601 2321 Persae
627 2279 828 2323 secesserant:

156 2340 257 2401 Bessus
279 2358 347 2399 curn
368 2338 520 2401 Bactrianis
542 2356 623 2414 erat3
649 2343 833 2418 tentabatque‘

156 2416 256 2480 Persas
274 2418 439 2488 abducere,
460 2416 583 2489 Bactra,
603 2436 633 2478 et
650 2419 764 2481 intacta
781 2438 830 2479 te·

152 2497 253 2577 gionis
269 2494 456 2580 opulentiam,
473 2496 625 2579 simulque,
642 2518 701 2579 quae
714 2517 832 2557 manen·

155 2574 232 2638 tibus
248 2577 389 2639 instarent
400 2574 543 2659 pericula,
564 2594 718 2639 ostentans.
730 2576 837 2637 Persa·

154 2678 222 2719 rum
239 2658 374 2719 omnium
389 2654 489 2718 eadem
506 2658 564 2719 fere
575 2656 628 2718 suit
641 2678 724 2727 vox,
747 2652 832 2733 nefas

155 2755 220 2797 esse
241 2735 336 2798 deteri
361 2754 464 2815 regem.
491 2736 568 2797 luter
591 2735 651 2798 haec
672 2738 832 2797 Artabazus

155 2816 289 2893 omnibus
310 2813 502 2895 imperatoriis
526 2814 696 2899 firngebatur
714 2808 837 2878 officiis.-

153 2894 207 2961 lue
214 2895 367 2965 Persarum
381 2896 562 2961 tabernacula
574 2893 741 2968 circumita,
759 2894 837 2957 hot·⁴
