2350 3967
266 408 328 468 ΪΝ
364 408 400 476 Q.
437 410 643 471 cuntium
675 418 704 475 t.
738 424 762 476 l.
829 438 861 485 m

167 499 324 554 Hecataeum
338 518 365 552 ct
378 504 568 555 Parmenionem
584 509 692 561 sustulit.
704 511 740 559 Ex
753 510 785 560 iis
798 528 862 577 quos

167 567 193 617 in
214 570 337 636 Philippi
357 588 444 619 necem
459 571 612 622 consensisse
625 591 707 626 mmor
724 580 858 643 arguebat,

168 652 248 687 unum
266 638 445 689 Alexandrum
458 640 603 704 Lyncestem
617 644 857 709 exemitsupplicio,

168 706 240 766 quod
257 704 396 769 imperium
412 705 560 769 suscipienti
570 708 699 767 adfuisset,
716 712 858 778 primusque

166 787 257 837 regem
272 772 427 843 salutasset,
447 788 546 822 ceteros
560 774 663 829 occidit.
679 782 712 827 Ea
725 780 857 832 severitate

165 852 240 887 susm
251 841 363 889 salutem
381 839 408 892 in
422 838 537 889 sinuata
550 841 659 907 Philippi
675 845 761 895 muniri
774 850 857 898 eredes

166 904 233 962 bat3
249 906 328 957 simul
345 906 444 956 aboleri
461 910 566 966 famam,
580 926 626 971 qua
648 926 675 961 ut
688 914 801 965 conscius
812 932 855 979 pa·

163 984 247 1021 ternae
257 974 333 1025 cadis
341 974 485 1025 notabatur.
497 975 595 1024 Crebrae
604 977 666 1028 inter
674 994 718 1028 eos
725 980 858 1033 discordia·

163 1037 247 1090 iidem
267 1040 411 1106 suspicioni
427 1044 537 1091 fecerant
551 1058 559 1101 3
584 1059 610 1093 et
626 1060 736 1109 questum
755 1048 855 1110 iujurias

165 1105 320 1159 Pausaniam
332 1109 364 1157 ad
376 1106 472 1157 facinus
482 1108 780 1167 confirmasseferebatur:
795 1134 858 1181 pro·

165 1172 226 1223 lato
248 1193 278 1227 ex
288 1174 428 1241 Tragoedia
444 1176 575 1237 carmine,
595 1194 644 1242 qno
660 1183 746 1231 Medea
757 1187 854 1251 pariter

161 1244 257 1307 pellici
273 1262 348 1301 sua,
368 1244 452 1309 quique
469 1260 521 1295 enm
537 1246 564 1293 in
575 1248 756 1299 matrimonium
768 1251 854 1303 Jasoat'

165 1312 340 1367 tradidisset,
357 1326 380 1359 rr
394 1316 461 1373 culus
474 1313 501 1359 irr
508 1317 774 1372 manumcouverrisset,
790 1319 852 1372 idem

166 1377 278 1427 exitium
292 1376 445 1426 minabatur.
467 1378 564 1426 Verum
578 1377 632 1443 ipse
646 1396 703 1429 cum
720 1381 853 1447 aliquando

166 1440 248 1491 Darii
262 1443 378 1507 epistolar
395 1445 573 1509 responderet,
594 1445 712 1497 inuidiam
728 1447 754 1498 in
768 1451 857 1500 Persas

167 1514 307 1561 transferre
324 1524 430 1561 conatus
443 1526 499 1566 est,
515 1512 615 1563 illorum
629 1532 688 1566 auro
699 1534 853 1583 percussores

170 1578 287 1647 Philipps
304 1594 459 1645 comparatos
465 1580 556 1642 fuisse·
570 1581 686 1646 Quaque
701 1582 781 1649 magis
794 1601 852 1634 orn-

167 1658 231 1694 nem
254 1645 336 1709 eulpa
352 1643 520 1707 suspicionem
536 1661 699 1712 extergeret,
722 1666 852 1714 postremo

168 1711 232 1762 vite
245 1726 362 1776 ternpore
372 1710 530 1777 magnificum
536 1712 782 1780 Philippoternplum
793 1736 853 1770 exs-

167 1790 254 1829 truere
268 1779 429 1844 cogitaverat
444 1798 449 1828 :
466 1778 510 1837 iel,
527 1779 649 1837 interalr'a
662 1782 851 1837 incommenta·

168 1844 218 1896 siis
232 1848 286 1903 eius
296 1860 410 1908 reperta,
428 1860 584 1897 successores
597 1851 736 1913 neglexere.

179 1969 185 1981 ,
207 1916 280 1964 Cnl’.
299 1916 344 1963 Xl.
361 1916 422 1964 Cum
436 1930 521 1963 atstem
537 1915 567 1962 ad
577 1914 725 1977 perficienda
735 1934 785 1982 quae
798 1918 851 1969 ani»

168 1995 213 2030 mo
230 1980 360 2045 agitabat,
381 1980 514 2031 maximum
530 1978 557 2029 in
571 1996 603 2030 eo
618 1998 769 2034 momentum
783 1986 850 2050 posi·-

167 2062 225 2098 tum
237 2048 414 2107 arbitraretur,
431 2062 458 2098 ut
468 2048 570 2098 Grecis
578 2047 760 2115 principatum,
776 2068 848 2117 quem

166 2114 305 2179 Philippus
314 2130 520 2180 comparaverat,
538 2117 672 2175 retinerets
682 2118 770 2183 raptim
779 2136 848 2170 ester·

169 2182 223 2235 citu
246 2184 326 2233 clucto¹
339 2182 493 2232 Thessaliam
509 2182 658 2245 improvisus
673 2184 774 2249 irrupit.
792 2193 848 2239 Sus·

166 2250 281 2301 tuleram
293 2249 391 2299 animos
400 2249 576 2299 Thessalorum
584 2252 698 2315 quidam,
716 2254 846 2306 etmsessis

165 2319 199 2367 ad
215 2322 311 2383 Tempe
329 2316 451 2383 angustiis
467 2316 517 2367 iter
532 2332 561 2367 err
577 2320 722 2370 Macedonia
736 2320 847 2372 venienti

166 2386 355 2437 occludebatur,
367 2382 468 2447 Quippe
476 2400 517 2433 eas
524 2383 636 2449 regiones
646 2389 848 2454 Olympusatque

166 2456 233 2502 Ossa
242 2450 363 2503 celebrati
372 2466 473 2501 montes
481 2450 601 2503 dirimunt
610 2472 616 2503 τ
626 2470 669 2517 per
676 2470 850 2519 quorum-con-

166 2520 247 2571 valles
258 2522 357 2571 Peneus
370 2519 451 2569 amnis
462 2517 570 2575 labitur,
583 2520 643 2569 mira
653 2521 792 2571 amaenitate
807 2540 849 2571 so·

166 2589 256 2639 lemnia
272 2587 364 2655 gentis
376 2584 501 2638 sacrificia
516 2586 628 2635 meritus.
642 2588 716 2637 Latis
726 2588 850 2653 utrimque

166 2656 310 2707 nemoribus
330 2654 498 2705 obumbratus
513 2650 625 2711 incedit,
646 2656 773 2719 multoque
791 2672 847 2708 curn
900 2667 904 2675 “

163 2723 264 2775 fremitu
280 2722 383 2779 ruenti,
403 2739 434 2772 ex
448 2718 546 2770 vicinis·
558 2720 682 2772 arboribus
696 2721 846 2775 avicularum

163 2791 269 2856 garritus
285 2789 427 2853 obstrepit.
446 2788 565 2850 Angusta
583 2788 668 2839 semita
683 2804 726 2851 per
742 2789 851 2855 quinque

161 2862 211 2912 fere
226 2859 316 2913 millia·
324 2873 446 2925 passuum
457 2851 637 2922 protenditur,
655 2854 696 2909 vix
709 2872 799 2977 <agusto
808 2860 854 2924 jur
