2350 3967
348 439 545 515 *tiam
572 442 711 518 ‘Vtin
804 456 866 528 315

178 554 316 620 sentium
328 574 462 616 curamur
470 572 549 631 parre
559 553 712 624 liberatus,
727 556 869 618 convertit

182 638 326 699 aninium
346 634 383 694 ad
404 632 585 695 uindicandas
604 633 719 710 injurias
735 653 867 706 eorum,

170 718 291 794 quibus
311 737 330 775 a
348 713 513 794 pratoribus
525 713 581 772 suis
597 733 681 774 auare
699 735 733 776 ac
746 717 866 790 superbe
884 735 887 742 ·

183 797 395 873 imperabatur.
421 792 501 872 Ergo
522 790 727 870 Phratapherni
749 793 865 870 Hyrca·-

184 877 272 936 niam
298 892 328 934 et
347 873 466 933 Mardos
487 893 555 932 cum
574 871 695 949 Tapuris
723 873 861 945 tradidit,

183 953 415 1032 mandavitque,
428 968 462 1031 ut
474 949 653 1019 Phradaten,
668 952 716 1012 cui
731 954 865 1014 succede-

184 1036 259 1105 bat,
279 1032 359 1094 adse
377 1033 408 1092 in
424 1031 583 1092 custodiam
600 1031 737 1094 mitteret.
760 1031 864 1093 Arsani

182 1109 372 1175 Drancarum
385 1111 518 1189 ptaefecto
533 1111 694 1172 substitutus
707 1130 750 1173 est
764 1111 861 1172 Suasa»

182 1212 256 1256 nor.
267 1193 388 1252 Arsaces
404 1191 435 1250 in
446 1191 576 1251 Mediam
592 1192 711 1259 missus,
728 1208 761 1252 ut
774 1189 862 1270 Oxy*
937 1198 940 1204 '

182 1273 269 1334 dates
290 1272 356 1332 inde
377 1269 541 1332 discederet.
561 1269 722 1346 Babylonia
745 1266 861 1334 mortuo

182 1353 301 1414 Maaaeo
313 1350 498 1410 Deditameui
509 1349 635 1425 subjecta
648 1366 700 1411 est.

225 1431 306 1494 Cre.
317 1430 371 1491 tv.
382 1429 707 1506 Hiscompositistertio
718 1447 862 1491 menseex

180 1509 415 1572 hibernismouit
424 1509 604 1578 exercitum,
621 1500 861 1590 regionem,buae

182 1588 311 1671 Gadara
326 1590 506 1666 appellatur,
525 1588 659 1649 aditurus.
676 1585 786 1648 Primus
802 1589 861 1650 diet

180 1671 318 1749 quietum
323 1669 379 1745 iter
384 1667 520 1748 prebuit:
531 1667 680 1745 proximus
690 1665 718 1728 ei
730 1667 860 1730 nondum

178 1749 303 1828 quidem
321 1749 497 1826 procellosus
520 1767 550 1810 et
571 1748 685 1816 tristis,
713 1749 860 1810 obscurior

180 1847 284 1891 tamen
301 1828 441 1906 pristino,
461 1848 520 1888 non
538 1828 599 1889 sine
610 1826 694 1888 minis
707 1829 858 1889 crescentis

179 1909 257 1970 mali
271 1909 414 1987 praeteriit.
430 1908 533 1968 Tertio
550 1911 586 1967 ab
602 1907 682 1967 omni
697 1925 775 1983 parte
792 1907 860 1967 coeli

179 1990 311 2051 emicare
318 1988 450 2079 fulgura,
466 2005 578 2048 etnmc
585 1984 766 2047 internitente
775 1985 858 2056 luce,

179 2089 262 2130 nunc
279 2067 414 2136 condita,
437 2087 498 2127 non
512 2066 614 2128 oculos
630 2063 720 2126 modo
736 2066 859 2141 meantis

178 2147 347 2216 exercitus,
364 2147 412 2208 sed
422 2148 510 2208 etiam
520 2147 634 2208 animos
647 2163 751 2206 terrere
762 2166 858 2224 coepe·

178 2243 260 2290 runt.
270 2227 341 2288 Erat
351 2247 441 2304 prope
456 2227 606 2288 continuus
620 2225 688 2287 coeli
697 2224 809 2306 fragor,
828 2241 860 2288 et

177 2308 287 2386 passim
302 2305 465 2368 cadentium
479 2307 635 2368 fulminum
655 2305 760 2383 species
777 2305 856 2366 vise·

177 2391 274 2448 batur.
291 2385 486 2464 Attonitisque
497 2387 609 2446 auribus
623 2401 735 2462 stupens
751 2403 857 2462 agmen

176 2487 233 2528 nec
243 2465 395 2547 progredi,
406 2487 461 2526 nec
471 2465 624 2526 consistere
634 2462 765 2524 audebat.
775 2465 855 2531 Tum

177 2562 298 2626 repente
313 2547 405 2606 imber
412 2546 579 2626 grandinem
591 2542 731 2604 incutiens
744 2557 857 2602 torrens

177 2627 215 2687 tis
229 2624 322 2686 modo
337 2623 497 2687 effirnditut.
509 2625 556 2685 Ac
567 2625 661 2702 primo
679 2620 794 2700 quidem
806 2641 854 2680 ar·

176 2705 300 2766 missuis
312 2703 380 2766 tecti
396 2722 584 2782 exceperant,
604 2703 650 2764 sed
667 2701 725 2780 jam
736 2720 790 2762 nec
804 2721 853 2765 re·

174 2784 267 2846 tinere
280 2805 363 2845 arma
373 2783 487 2844 lubrica
500 2802 530 2844 et
545 2783 667 2877 rigentes
680 2801 780 2842 manus
795 2801 853 2860 po·
879 2786 887 2794 ⁴

172 2860 854 2956 temut3necipsidettinbre21nquamregiouem
931 2862 933 2867 ’

621 2962 705 3029 Mn
718 2959 753 3030 i!
