2350 3967
336 468 528 537 LIBER
569 472 678 541 vlt.
784 484 849 578 gip

141 570 488 643 ‘admoninsmtahiris
499 573 703 635 sainremcnam
713 591 845 637 maresan

144 652 300 716 Ceterum
319 672 351 713 se
371 652 489 714 invitam
512 653 647 715 deteriora
666 650 845 725 credentem,

145 754 240 795 nunc
263 729 426 806 manifestis
445 731 562 793 indiciis
580 734 703 803 rictum,
719 733 844 812 jussisse

144 810 284 876 vinciri.
298 804 379 872 Nam
393 809 486 891 pridie
497 832 577 891 qaam
588 810 758 892 detegeretur
766 808 842 872 Piri·

149 887 362 963 lateratim,
385 889 450 967 quin
464 890 494 951 in
505 908 613 951 secreto
627 911 688 951 com
697 892 757 971 ipso
764 889 845 964 faic-

151 986 255 1039 sent,
282 989 339 1029 non
353 988 436 1047 posse
456 968 588 1029 dubitari.
609 967 734 1031 Fratrem
752 988 844 1041 reta,

152 1048 213 1129 qui
229 1044 409 1128 profugerit,
430 1068 492 1111 com
510 1046 640 1109 Piriiocas
657 1066 845 1129 torqueretur,

155 1126 310 1207 apernisse
316 1124 397 1207 faga
415 1148 538 1190 causam.
551 1126 650 1209 Nuper.
657 1146 758 1209 praeter
773 1148 843 1189 con·

159 1204 365 1275 suetudinem,
390 1202 477 1285 officii
493 1206 605 1285 specie,
620 1207 721 1267 arnocis
732 1206 843 1286 longius

159 1284 293 1353 ceceris,
318 1284 476 1346 admovisse
491 1286 655 1367 semetipsos
672 1284 753 1345 laceri
770 1304 846 1357 cuo,

160 1362 246 1425 maiia
267 1362 402 1443 probabili
425 1384 509 1425 caasa
531 1391 540 1425 .·
563 1385 645 1444 sepire
665 1363 810 1424 mirantem
833 1400 846 1435 ,

161 1441 302 1523 qoodnon
312 1442 378 1503 vico
388 1462 458 1511 saa,
475 1442 526 1503 cali
533 1442 720 1524 fungerentur
731 1438 845 1526 officio,

161 1539 195 1583 et
220 1521 286 1603 ipsa
311 1521 494 1602 trepidatione
518 1542 610 1584 eoram
631 1520 843 1603 perterritam,

161 1620 281 1663 strenue
298 1599 335 1661 od
349 1601 524 1681 armigeros,
544 1601 588 1674 arri
604 1600 724 1683 proximi
742 1620 841 1681 cepoe·

161 1678 293 1748 bantur,
312 1677 475 1743 recessisse.
485 1680 531 1739 Ad
541 1678 591 1741 icoc
601 1679 752 1748 accedere,
772 1678 844 1759 quod

163 1780 228 1820 com
240 1756 439 1838 Antiphanes,
455 1758 700 1839 scribaeprcitrcm,
715 1757 842 1842 Amynta

161 1837 383 1907 denuntiasset,
403 1837 494 1919 pridie
513 1858 593 1917 quam
610 1838 731 1899 Philotae
750 1837 843 1901 scelos

164 1915 365 1997 deprehensam
380 1935 476 1989 esset,
495 1935 527 1979 ut
543 1938 580 1979 ex
595 1920 651 1979 suis
666 1919 744 1995 equis
759 1938 842 1979 more

162 1999 257 2057 solito
276 1997 357 2057 daret
367 1997 424 2066 iis,
446 1999 493 2075 qui
511 1999 668 2059 amisissent
685 2018 770 2068 suos3
790 2016 842 2055 co·

159 2075 248 2157 peche
266 2074 462 2155 respondisse,
479 2077 532 2137 nisi
547 2077 662 2153 incepto
679 2075 843 2145 desisceret,

163 2156 248 2219 brevi
259 2154 414 2225 sciturum,
425 2156 485 2233 quis
496 2157 554 2234 ipse
567 2176 650 2218 esset.
661 2154 727 2218 Jacn
739 2152 844 2235 lingua

161 2232 351 2302 violentiam,
369 2234 599 2312 temeritatemque
608 2233 750 2297 verboram
757 2276 768 2305 ,
799 2252 848 2305 crte¹

162 2313 196 2375 in
221 2313 403 2394 semetipsam
422 2312 638 2392 jacularentur,
667 2312 739 2376 niort
793 2310 842 2373 iod

163 2414 252 2463 esse,
275 2413 357 2463 auam
372 2392 485 2471 scelesti
501 2392 588 2455 animi
603 2392 723 2454 indicem
734 2413 766 2453 ac
784 2409 843 2451 ces·

163 2490 232 2537 cem.
257 2470 379 2553 Quasi
398 2493 463 2531 veta
481 2488 595 2541 essent,
619 2472 691 2531 idem
710 2469 845 2531 meruisse

164 2572 237 2623 eas,
256 2550 331 2629 quod
343 2548 475 2611 Philotan
489 2563 500 2625 ζ
520 2552 546 2612 si
560 2548 655 2622 falso,
672 2550 785 2629 exigere
798 2547 843 2627 ip-

158 2632 226 2693 'sum
236 2651 268 2693 nt
277 2629 420 2707 refellant.
434 2630 586 2691 Productus
596 2630 695 2691 deinde
703 2626 852 2705 Antipha-'
926 2656 934 2693 ·.

160 2732 230 2783 nes,
243 2713 279 2772 de
290 2710 371 2787 epiris
380 2730 434 2770 non
448 2710 578 2778 traditis,
592 2727 619 2787 ec
630 2708 748 2789 adjerris
758 2706 844 2769 etiam

163 2791 281 2871 superbe
305 2788 418 2858 minis,
441 2790 555 2853 indicat.
579 2791 657 2851 Turn
681 2793 844 2865 Amyntas,

158 2870 234 2961 docta
249 2870 367 2935 dicendi
388 2886 552 2949 potestaten
566 2867 702 2951 simileid,
723 2868 846 2948 inquis,
