2350 3967
348 428 551 504 -LlBER
598 434 675 507 IX.
794 443 859 525 '459²

166 536 280 613 albot,
295 553 325 601 et
343 538 465 610 belluis,
487 557 516 600 et
534 540 596 603 illis
612 540 764 625 gentibus,
787 564 860 625 qua-

166 644 235 703 eum
253 619 370 682 nonina
385 619 515 684 torretis.
531 619 677 697 Inveniam
692 624 738 703 qui
755 623 857 687 deser-

167 698 648 786 tutnavobissequantureSeytbn
659 702 858 785 Bactrianique

168 798 256 845 erunt
271 799 378 842 nuecum
387 800 400 852 ;
417 779 511 840 butten
522 781 607 862 paulo
617 801 699 853 ante,
713 804 784 845 nunt
801 786 857 845 mi·-

168 862 245 924 litet
263 859 364 922 nostri.
382 858 461 920 Moti
476 878 613 939 praestat,
636 882 716 943 quant
730 865 856 944 precario

170 937 371 1023 imperatorem
388 957 462 1003 essee
481 930 526 1000 Ite
541 938 657 1003 redonet
678 940 797 1015 donau
816 944 858 1005 t'te'

170 1020 288 1082 deserto
304 1038 370 1101 rege
381 1033 507 1080 ovantes.
523 1016 587 1101 Ego
606 1021 651 1081 bic
665 1044 683 1083 a
698 1021 777 1084 vobit
792 1022 857 1085 det·
924 1032 927 1039 ’

171 1114 284 1193 peracte
298 1098 446 1170 victorin,
467 1116 517 1160 aut
532 1098 656 1163 bonetto
671 1103 751 1163 motti
767 1100 857 1165 lecum

172 1200 333 1243 autentum·
506 1228 509 1237 .

216 1260 307 1321 Cae.
321 1259 387 1321 111.
405 1256 453 1321 Ne
473 1257 644 1339 sicquidem
661 1261 714 1323 ulli
729 1260 857 1322 militum

173 1354 239 1406 'vox
254 1338 379 1417 exprimi
390 1339 493 1417 potuit.
507 1340 718 1419 Exspectabam
728 1359 760 1401 ut
772 1341 857 1401 ducel

172 1421 376 1503 principesque
393 1418 428 1480 ad
444 1440 474 1480 te
494 1439 542 1480 em
559 1421 737 1499 perferrent,
757 1418 858 1481 attine-

173 1500 260 1563 ribus
280 1516 310 1559 et
326 1498 455 1559 continno
474 1438 569 1559 labore
591 1498 702 1560 militie
714 1496 859 1579 fatigatae

173 1590 233 1641 non
257 1576 410 1638 detrectare
430 1578 545 1647 munia,
569 1578 621 1640 sed
642 1580 782 1640 sustinere
802 1598 858 1639 nott

172 1678 274 1743 posse.
288 1656 427 1719 Ceterum
436 1658 480 1718 illi
490 1675 570 1721 metu
581 1658 696 1721 attoniti
709 1662 738 1720 itt
751 1677 857 1721 tertam

176 1760 234 1801 ota
251 1737 428 1801 defixerant·
444 1737 523 1820 Ergo
543 1740 638 1817 primo
659 1740 787 1803 fremitus
807 1757 869 1799 sua·

177 1836 308 1899 sponte,
331 1817 433 1878 deinde
456 1816 580 1899 gemitus
603 1841 719 1899 quoque
745 1819 859 1880 oritura

177 1898 377 1979 paulatimque
399 1897 514 1959 liberius
541 1898 625 1959 dolor
646 1900 718 1981 erigi
738 1898 824 1975 coepit
843 1938 856 1965 ‚

178 1978 364 2042 manantibus
378 1977 533 2056 lacrymis,
555 1978 672 2039 adeout
685 1998 756 2047 rex,
775 1977 816 2037 ira
827 1977 859 2035 in
928 2041 930 2047 ¹

178 2057 406 2120 misericordiam
431 2078 597 2126 teneasne
622 2056 683 2136 ipse
709 2056 860 2137 quidem,

179 2149 345 2219 quanquam
363 2153 498 2215 cuperet,
515 2153 673 2217 temperare
692 2136 784 2199 oeulis
800 2156 860 2214 po·

179 2218 279 2282 tuerit.
291 2216 423 2278 Tandem
441 2217 573 2279 universa
585 2218 729 2281 concione
746 2216 860 2277 effusius

180 2299 292 2367 flente,
314 2297 422 2358 Coenus
440 2318 521 2357 ausus
536 2314 578 2358 est
597 2297 793 2365 cunctantibus
808 2314 862 2355 ce·

179 2379 271 2447 teris,
291 2378 408 2455 propius
427 2377 551 2438 tribunal
569 2372 727 2449 accedere3
748 2373 861 2455 signifi-

181 2475 251 2520 cans
261 2457 381 2534 seloqni
391 2456 478 2518 velle.
495 2454 595 2534 Quem
606 2473 639 2517 ut
648 2455 743 2517 videre
753 2452 864 2513 militet

181 2536 381 2600 detrahentem
399 2535 513 2617 galeam
532 2558 564 2597 ca
585 2535 619 2598 iti
633 2536 699 2611 (ite
715 2534 795 2595 enim
811 2552 861 2593 re-

182 2635 252 2701 gem
272 2616 382 2695 alloqui
399 2636 465 2677 mos
479 2618 549 2689 est)
567 2558 673 2679 luetati
692 2630 863 2693 coeperunt,

183 2716 215 2757 ut
227 2715 341 2758 tautam
358 2694 498 2757 exercitus
515 2712 622 2776 ageret.
642 2696 721 2757 Tum
734 2692 840 2755 Coenus
853 2714 866 2756 t

181 2774 240 2840 Dii
258 2773 447 2857 prohibeant,
469 2775 589 2854 inquit,
617 2796 635 2836 a
657 2773 738 2835 nobit
760 2770 865 2855 impiae

180 2872 315 2934 nentem
329 2872 357 2917 et
365 2853 488 2939 profecto
495 2853 653 2939 probibent.
663 2851 743 2915 Iden
753 2852 867 2942 animus

674 2951 732 3017 Re
749 2954 777 3035 ij
828 3006 849 3019 ,,
