2350 3967
327 440 523 505 LIBER
561 441 687 511 v1.11.'
783 467 840 530 399

225 757 430 844 traua
476 758 788 834 aeratus

360 918 583 984 CAPUT
627 919 654 985 1.

164 1098 474 1264 Attenuant
496 1101 608 1181 majore
630 1099 731 1174 fama,
757 1123 844 1184 quam

267 1182 361 1264 gloria
384 1179 575 1243 inditionem
598 1182 709 1244 redacta
733 1205 811 1263 petra
833 1210 845 1262 ς

162 1283 236 1323 cttm
265 1276 395 1342 propter
411 1280 517 1340 vagum
544 1260 657 1321 hostem
684 1267 845 1345 spargendae

162 1362 272 1402 manus
288 1359 401 1411 essent,
424 1342 526 1400 intres
541 1360 633 1418 partes
653 1341 746 1404 divisit
760 1365 845 1406 exer·

162 1423 269 1482 citum.
292 1419 527 1499 Hephaestionem
538 1422 588 1480 uni
604 1442 614 1494 ς
635 1421 748 1482 Coenon
763 1423 846 1486 alteri

163 1502 255 1562 duces
263 1501 467 1578 dederattipse
476 1501 575 1560 ceteris
584 1521 712 1576 praerat.
721 1503 775 1563 Sed
783 1505 845 1564 noir

163 1581 270 1642 eadem
288 1602 369 1642 meas
385 1581 518 1640 omnibus
528 1581 653 1640 barbaris
670 1583 733 1643 fuit.
746 1583 846 1646 Armis

164 1661 285 1739 quidam
299 1661 404 1722 subacti
416 1683 426 1734 ς
444 1661 538 1738 plures
552 1679 618 1720 ante
629 1680 773 1724 certamen
787 1663 846 1723 im·

164 1759 265 1820 perata
283 1741 434 1809 fecerunt,
456 1741 556 1817 quibus
573 1760 664 1800 earum
682 1742 777 1822 quiin
795 1741 846 1803 de·

157 1818 291 1898 sectione
312 1836 578 1900 perseveraverant,
601 1819 681 1880 urbes
710 1842 846 1902 agras-pue

165 1903 252 1982 jussit
271 1897 397 1962 attribui.
427 1900 468 1959 At
489 1900 587 1960 exules
611 1900 752 1962 Bactriani
775 1923 843 1964 cum

164 2001 270 2045 accc
292 1980 433 2058 equitibus
451 1979 675 2058 Massagetarum
695 1977 844 2057 proximor

163 2062 251 2124 ticos
261 2076 452 2122 vastaverunt.
467 2059 514 2117 Ad
524 2078 597 2135 quos
608 2060 780 2120 coercendos
790 2059 845 2120 At·

164 2143 261 2210 tinas,
276 2139 399 2220 regionis
412 2139 472 2217 ejus
481 2138 626 2215 prefectus
635 2179 644 2208 ‚
654 2159 708 2200 ccc
720 2141 843 2218 equites,

164 2221 352 2285 insidiarum,
361 2241 422 2296 quae
433 2219 758 2302 parabantur‚ignan1s,
769 2221 842 2282 edu·
896 2237 898 2241 '

164 2302 222 2368 nir.
244 2301 380 2375 Namque
398 2298 486 2356 hostis
505 2297 535 2356 in
556 2297 656 2368 silvis,
680 2317 844 2376 quaerant

164 2382 242 2444 forte
266 2399 372 2456 campo
397 2379 524 2451 iuncte,
553 2395 695 2458 armatum
718 2379 842 2440 militem

165 2460 316 2526 condiditt
331 2458 426 2538 paucis
435 2456 657 2534 propellentibus
668 2477 794 2534 pecora,
810 2472 844 2522 ut

164 2538 364 2618 improvidum
381 2537 416 2596 ad
434 2536 545 2602 insidias
560 2537 652 2614 praeda
667 2536 845 2613 perduceret.

168 2620 269 2696 ltaque
281 2616 476 2692 incomposito
486 2615 618 2697 agmine,
631 2617 785 2695 solutisque
796 2633 844 2678 ot*
930 2683 931 2686 Ἴ

168 2700 303 2768 dinibus.
323 2699 435 2763 Attinas
445 2697 646 2776 praedabundus
657 2700 843 2775 sequebatur;

168 2799 255 2856 quem
283 2793 507 2865 praetergressum
535 2777 661 2845 silvam,
687 2777 735 2856 qui
755 2779 785 2839 in
807 2781 843 2842 ¹ea

167 2857 379 2932 assederant,
404 2875 440 2925 ex
463 2857 621 2944 unproriso
640 2856 754 2929 adorti,
775 2877 844 2929 tum
