2350 3967
369 447 430 517 uss·
550 437 876 518 Q.CURT11

362 556 485 620 quatem
500 538 654 602 adsertam
667 559 680 611 ;
703 539 859 617 elicuitque
875 539 956 602 iram
974 541 1052 606 nte.

362 620 481 688 atandri.
496 641 582 698 quarn
594 621 668 684 olim
680 619 778 682 animo
789 639 893 698 capere
912 642 979 682 non
990 645 1051 701 po-

363 716 446 763 terat.
463 703 561 776 ltaque
576 719 650 772 rex,
665 697 707 760 Tu
722 716 830 768 nutem,
846 699 969 777 inquit,
989 724 1047 764 non

360 777 535 840 veneraberis
547 799 590 840 me
603 781 619 839 ἔ
633 777 680 838 Aa
693 775 745 840 ribi
760 778 808 842 uni
818 777 901 858 digni
914 780 1048 843 videmur

361 878 423 920 esse
446 858 597 920 ludibrio?
620 859 673 919 llle
693 877 743 918 nec
765 877 861 936 regem
883 856 1045 934 ludibri05

361 957 412 999 nec
433 960 467 1000 se
491 955 629 998 contemtu
651 936 765 1016 dignum
792 955 856 1004 esse
877 941 1046 1016 respondit.

360 1017 440 1079 Tum
456 1019 612 1078 deuectum
629 1038 697 1082 eum
713 1019 790 1078 lecto
809 1035 860 1078 rex
876 1021 1044 1097 praecipitat

359 1099 389 1159 in
405 1117 521 1160 tetram.
548 1097 585 1158 Et
609 1117 676 1158 cum
692 1095 715 1156 is
731 1116 836 1173 pronus
853 1099 1013 1160 corruisset
1032 1121 1043 1172 ς

360 1175 504 1248 Videsne,
521 1177 632 1255 inquit,
648 1173 720 1236 idern
736 1172 904 1250 refecisse,
921 1177 996 1255 quod
1010 1179 1042 1240 in

360 1261 416 1322 ab'o
424 1257 506 1342 paulo
517 1276 582 1316 ante
592 1253 727 1316 ridebas?
741 1249 863 1314 Etrradi
877 1275 910 1314 eo
927 1255 960 1316 in
971 1277 1041 1318 rus·

361 1334 715 1417 eodinmjussoconvivium
724 1334 818 1396 solvit.
827 1333 1040 1412 Polyperconti

360 1425 474 1506 quidem
485 1436 582 1497 postea
597 1413 733 1491 castigato
749 1413 796 1472 diu
807 1414 935 1494 ignovit.

368 1516 372 1521 ’
396 1495 596 1564 Cra.V1.ln
617 1491 811 1569 Callisthenen
829 1494 903 1554 olim
924 1511 1036 1556 contu·

357 1583 457 1644 masiae
482 1577 640 1652 suspectum
669 1571 868 1648 pervicacioris
890 1573 941 1638 irae
968 1575 1037 1636 finit.

356 1663 447 1739 Cujus
465 1654 610 1734 explenda
634 1669 744 1712 matuta
764 1653 883 1714 obvenit
899 1655 1034 1722 occasio.

356 1743 425 1803 Mos
435 1757 496 1797 etat
505 1775 515 1804 .
524 1752 562 1795 ut
571 1752 653 1810 supra
663 1731 769 1798 dictum
782 1750 840 1802 est,
855 1732 1036 1811 principibus

356 1811 550 1882 Macedonum
558 1809 1035 1892 adultosliberosregibustradere,

356 1901 392 1964 ad
403 1897 501 1959 munia
518 1891 592 1952 haud
602 1892 725 1950 multum
736 1890 882 1952 servilibus
897 1892 1035 1954 ministe-
1090 1933 1091 1951 .

355 1984 405 2046 tiis
419 1972 610 2039 abhorrentia.
627 1967 811 2030 Excubabant
825 1971 943 2034 servans
957 1993 1034 2033 noc·

356 2065 429 2124 dium
441 2058 547 2118 vicibus
565 2049 689 2129 proximi
698 2047 804 2110 foribus
816 2049 881 2112 aedis
892 2091 902 2118 ‚
921 2052 956 2114 in
995 2071 1034 2114 ua
1089 2051 1090 2054 '

353 2159 405 2204 tex
415 2134 621 2212 acquiescebat.
634 2127 687 2190 Pet
697 2127 750 2190 hos
764 2129 881 2206 pellices
895 2073 1033 2192 introdu-

353 2221 490 2282 cebantur
512 2211 572 2270 alio
591 2209 689 2277 aditu,
711 2229 905 2286 quamquem
925 2207 1033 2272 armati
1088 2207 1089 2243 b

355 2295 530 2361 obsidebant.
549 2288 639 2349 lidem
657 2306 788 2365 acceptos
801 2291 837 2348 ab
854 2293 1030 2371 agasonibus

356 2397 465 2458 equos,
482 2391 550 2443 cum
565 2389 615 2430 rex
630 2385 792 2432 ascetssurus
808 2387 901 2438 esset,
921 2369 1030 2430 admo·

355 2461 477 2525 veban13
490 2448 753 2526 comitabanturque
763 2464 793 2504 et
804 2466 959 2520 venantem
972 2487 983 2518 ,
1000 2463 1031 2508 et
1057 2505 1061 2512 .

355 2539 385 2599 in
396 2527 514 2615 preliis:
525 2527 656 2588 omnibus
666 2528 770 2594 artibus
778 2525 938 2596 studiorum
951 2529 1026 2590 libe.-

355 2618 459 2678 talium
467 2608 584 2669 exculti.
592 2603 850 2680 Pracipuusbonot
859 2605 1028 2674 habebatur,

355 2695 431 2771 quod
450 2691 554 2750 licebat
573 2684 732 2748 sedentibus
755 2684 833 2752 vesci
855 2707 925 2746 cum
948 2705 1027 2766 rege.
1072 2695 1075 2700 '

355 2768 520 2849 Castigandi
534 2761 695 2827 verberibus
713 2783 763 2824 eos
780 2764 888 2836 nullius
905 2784 1028 2843 potestas
1084 2815 1085 2820 ,

351 2868 454 2930 preter
464 2851 558 2927 ipsum
570 2860 637 2909 erat·
651 2840 721 2904 Haec
732 2841 839 2914 cohors
848 2845 931 2919 velut
943 2843 1027 2919 serni·

917 2946 1026 3010 narium
1083 2945 1084 2977 s
