2350 3967
361 421 422 512 ait
541 425 872 514 Q.CURT11

358 533 1041 618 pronuntiarijussitipsum,amnia‚quoearaitrt

359 635 475 687 errent,
495 614 676 681 redditurum.
690 616 726 675 Et
741 615 886 692 promisso
901 615 975 678 fides
989 639 1041 680 ex·

357 697 427 758 titit.
445 697 526 756 Nam
535 694 713 772 Sysimithres
724 695 815 754 multa
835 695 994 772 jumenta,
1015 717 1041 760 et

357 777 538 839 camelorum
546 776 604 836 duo
616 775 708 834 millia
717 773 856 842 adduxit,
874 796 1040 856 pecoraque

347 873 389 929 ,ct
400 874 527 917 armenta
544 878 553 916 t
572 877 634 931 quae
644 854 786 914 distributa
797 854 905 929 pariter
916 857 1041 922 militem
1063 877 1066 890 ¹

358 953 389 997 et
405 937 511 997 damno
526 954 555 994 et
573 935 649 996 fame
664 933 870 996 liberaverunt.
888 934 957 996 Rex
972 957 1040 1016 gra·

357 1014 428 1075 riam
450 1012 505 1073 siti
524 1011 640 1074 relatam
661 1033 678 1072 a
698 1009 865 1092 &simulare
885 1017 1036 1090 praefatus,

357 1092 522 1154 texdittum
534 1111 612 1153 cotta
623 1089 812 1166 cibariaserre
824 1089 939 1154 militet
951 1094 1035 1174 justit,

304 1165 312 1184 ⁹
357 1171 443 1234 Sacas
454 1191 563 1251 petens.
573 1173 682 1234 Totam
696 1169 770 1232 hanc
783 1171 942 1252 regionem
953 1177 1034 1254 depo·

358 1255 492 1332 palatus,
514 1272 593 1312 xxx
613 1251 705 1312 millia
724 1271 863 1328 pecorum
883 1273 925 1314 ex
946 1258 1033 1332 prada

349 1331 519 1409 ‘Sysitnithti
536 1332 615 1392 dano
629 1331 685 1392 dat.
704 1330 771 1391 Inde
789 1333 927 1406 pervenit
941 1335 973 1394 in
989 1356 1032 1396 te-

357 1414 476 1494 gionem
494 1451 505 1482 ‚
523 1412 569 1484 cui
587 1408 761 1472 Cohortattut
780 1428 906 1486 satrapes
931 1415 1032 1477 nobilia

337 1542 339 1547 .
357 1511 493 1570 praeerat,
513 1491 560 1568 qui
571 1509 600 1550 se
610 1491 681 1570 regis
690 1490 822 1566 potestati
831 1489 962 1569 fideique
971 1515 1030 1572 pet·

356 1571 444 1634 misit.
467 1572 521 1632 llle
534 1569 657 1647 imperio
674 1570 701 1630 ei
716 1569 848 1640 reddito,
871 1570 950 1632 haud
969 1597 1029 1634 am-

353 1650 430 1728 plius
447 1673 533 1729 quam
550 1666 581 1708 ut
600 1647 652 1709 duo
672 1669 708 1708 ert
732 1647 821 1709 tribus
832 1645 917 1726 filiis
940 1673 1029 1714 serum

354 1727 528 1799 militarent,
550 1730 657 1809 exegit.
679 1729 807 1806 Satrapes
826 1729 920 1790 etiam
940 1751 1027 1801 eum,

353 1809 402 1886 qui
430 1827 517 1888 penes
543 1808 637 1885 ipsum
662 1809 873 1883 relinquebatur
888 1839 901 1878 ·,
935 1813 1029 1874 tradit.

353 1887 476 1950 Barbara
491 1888 637 1968 opulentia
648 1889 833 1958 coavivium,
853 1909 913 1966 quo
930 1911 1027 1974 regem

352 1968 529 2047 accipiebat,
545 1969 723 2029 instruxerat.
733 1968 763 2026 Id
781 1987 847 2027 eum
865 1971 960 2031 multa
974 1994 1025 2032 cu-

352 2049 453 2109 mitare
469 2046 652 2116 celebratet‚.
664 2044 801 2106 introduci
820 2065 897 2108 xxx
919 2047 1026 2112 nobiles

351 2123 478 2205 virginer
492 2127 579 2205 jussit.
596 2127 673 2186 Inter
686 2147 753 2203 quas
767 2141 828 2186 erat
840 2125 902 2188 filia
918 2129 1024 2206 ipsius,

350 2199 470 2266 Roxane
486 2208 624 2276 nornine,
643 2207 748 2268 eximia
763 2209 892 2282 corporis
906 2211 1025 2288 specie,

299 2352 302 2357 .
351 2299 388 2346 et'
402 2285 505 2348 decore
520 2285 681 2366 habituslin
705 2285 828 2346 barbaris
848 2307 928 2350 raro.
952 2288 1023 2366 Qua

316 2365 318 2369 ’
348 2385 511 2444 quanquam
525 2367 599 2426 inter
613 2367 716 2428 electas
734 2385 935 2440 processerat,
959 2391 1022 2428 om,

310 2481 313 2487 ·
350 2447 432 2506 nium
449 2463 544 2506 tamen
561 2447 662 2506 oculos
677 2445 818 2506 convertit
830 2444 860 2504 in
875 2467 905 2508 se
924 2471 935 2520 ς
959 2471 1021 2508 rna-

349 2525 429 2586 xime
445 2526 537 2606 regis,
554 2525 647 2586 minus
665 2525 722 2598 jam
746 2521 947 2602 cupiditatibus
969 2527 1021 2588 suit

347 2603 512 2681 imperantis
524 2604 597 2664 inter
612 2604 746 2680 obsequia
761 2603 902 2674 fortuna,
923 2619 1019 2667 contra

346 2703 433 2756 quam
447 2703 507 2743 non
517 2684 581 2744 satis
591 2701 671 2742 cauta
685 2684 913 2746 mortalitatem·
925 2687 1019 2762 ltaque

343 2759 394 2821 ille
405 2802 416 2830 ‚
431 2765 480 2840 qui
490 2783 612 2822 uxorem
623 2763 704 2822 Darii
715 2803 722 2829 ‚
737 2763 788 2838 qui¹
799 2763 869 2823 duas
877 2765 952 2825 filias
964 2767 1018 2827 vir·

343 2839 442 2923 pines,
458 2843 558 2922 quibus
567 2843 661 2906 forma
670 2859 773 2926 prater
783 2843 929 2909 Roxanen
939 2867 1018 2910 cum:
