2350 3967
338 488 396 543 294
513 464 556 546 Q.
597 466 624 529 C
643 466 676 531 U
696 465 723 530 R
742 466 772 530 Τ
789 466 804 529 l
823 466 839 527 l
1073 545 1074 548 Ἴ

249 588 254 609 ’
320 566 615 647 'paulisperettcepit3
633 566 734 627 deinde
748 567 893 644 linquente
906 566 996 646 spiritu
1073 553 1074 630 i

333 648 436 725 paritet
453 668 486 708 ac
503 648 658 727 sanguine,
678 644 863 707 moribundus
878 648 907 705 in
923 666 997 707 arma
1073 653 1074 688 1

330 728 491 803 procubuit.
515 725 653 787 Cecidere
676 724 958 786 Lacedaemoniorum
976 746 996 785 v

332 804 424 864 millia
450 824 479 866 et
499 824 623 866 ccctxr
647 824 682 864 ex
703 804 907 865 Macedonibus
928 803 998 865 haud

335 884 455 961 amplius
475 904 549 956 cec;
570 902 696 945 ceterum
715 883 929 973 vix'quiaquam
947 882 997 943 niti

331 978 442 1024 teucrus
455 964 568 1025 revertit
579 962 608 1022 in
620 979 720 1024 castra.
732 960 802 1022 Haec
812 962 932 1023 victoria
944 980 999 1022 non
1073 981 1074 990 ¹

331 1038 464 1120 Spartam
474 1042 585 1109 modo,
604 1042 840 1119 sociosqueajus,
859 1041 1000 1103 sedetiam

333 1140 458 1195 omnes,
478 1124 525 1201 qui
541 1121 686 1183 fortunam
703 1120 770 1181 belli
786 1138 1000 1197 spectaverant,
1073 1183 1074 1202 χ

331 1199 427 1282 fregit.
445 1202 508 1263 Nec
519 1202 634 1261 fallebat
645 1201 845 1278 Antipatrum,
861 1200 1001 1262 dissentire
1073 1207 1074 1274 ζ

333 1281 370 1340 ab
381 1282 481 1341 animis
495 1280 696 1363 gratulantium
705 1281 820 1355 vultus,
839 1281 1001 1341 sedbellum
1073 1295 1074 1360 Τ

332 1358 418 1420 finire
435 1362 558 1439 cupienti
573 1381 644 1437 opus
661 1376 721 1418 etat
735 1358 838 1436 decipi.
856 1359 896 1419 Et
912 1380 1001 1437 quan·
1073 1363 1074 1422 i

336 1460 421 1517 quam
440 1441 551 1501 fortuna
573 1459 667 1499 rerum
686 1440 816 1515 placebat
835 1460 845 1511 3
868 1439 1003 1500 invidiam

337 1534 431 1579 tamen
443 1560 453 1589 ,
466 1520 530 1598 quia
541 1519 716 1592 majorentes
725 1535 805 1577 erant
817 1556 827 1586 ,
840 1540 928 1596 quam
939 1538 1003 1597 quas
1073 1567 1074 1592 3

335 1599 458 1677 praefecti
471 1599 572 1658 modus
582 1615 712 1675 caperet,
724 1601 879 1659 metuebat.
890 1598 1004 1677 Quippe

337 1676 499 1739 Alexander
513 1678 608 1737 hostes
623 1676 700 1737 vinci
713 1679 863 1749 voluerat3
882 1681 1004 1755 Antipa·
1073 1681 1074 1756 J

337 1772 411 1817 trum
422 1759 541 1826 vicisse,
559 1776 596 1817 ne
608 1757 707 1816 tacitus
716 1757 829 1833 quidem
839 1756 1009 1841 indignabat-
1073 1777 1074 1836 ᾗ

338 1852 384 1899 tut
394 1858 403 1895 ε
415 1860 468 1897 suae
480 1840 605 1897 demtum
618 1836 716 1917 gloriae
725 1837 910 1907 existimans,
926 1838 1005 1916 quid·
1073 1839 1074 1902 Ῑ

331 1918 397 1997 quid
412 1917 535 1977 cessisset
543 1918 653 1975 aliene.
666 1917 763 1993 ltaque
773 1916 947 1993 Antipater,
959 1914 1006 1995 qui
1073 1931 1074 1972 3

329 1999 419 2077 probe
434 2014 528 2056 nosset
542 1996 670 2073 spiritum
681 1994 763 2071 ejus,
783 2014 845 2054 non
864 2015 909 2057 est
925 2017 1005 2057 ausus

330 2078 390 2151 ipse
407 2094 491 2155 agere
503 2075 614 2134 arbitria
631 2073 774 2134 victoriace
786 2074 832 2134 sed
847 2077 1006 2137 concilium

332 2154 520 2222 Graecorum,
535 2149 673 2231 puidfieti
680 2152 824 2235 placeret,
840 2155 1006 2227 consuluit3
1073 2157 1074 2162 ’

331 2256 348 2296 a
367 2254 429 2311 quo
442 2231 674 2302 Lacedaemonii,
695 2231 766 2292 niltt'l
783 2231 860 2297 aliud
881 2255 964 2313 quam
979 2250 1017 2295 ut.
1073 2301 1074 2308 ἵ

333 2328 458 2375 oratores
478 2311 585 2371 mittere
600 2310 637 2369 ad
654 2332 748 2391 regem
765 2310 862 2371 liceret
876 2314 1006 2393 precati,

332 2393 447 2457 veniam
468 2391 632 2451 defectionis
647 2410 746 2469 praeter
763 2403 895 2463 auctores
914 2395 1007 2471 impe·

333 2488 488 2535 traverunt.
507 2471 768 2551 Megalopolitani,
793 2492 921 2547 quorum
944 2476 1007 2532 urbs

334 2570 395 2612 erat
405 2555 514 2611 obsessa
525 2573 540 2610 a
551 2550 709 2611 defectione
721 2592 729 2619 ,
742 2550 854 2610 Achaeis
864 2571 896 2613 et
906 2550 1008 2612 AEtolit

332 2652 398 2705 ,cxx
408 2629 513 2689 talenta
524 2629 589 2689 dare
607 2628 671 2705 jussi
681 2648 755 2691 sunt.
765 2628 830 2689 Hic
844 2630 901 2691 fuit
918 2632 1009 2694 exitus

333 2709 427 2775 belli,
446 2708 522 2785 quod
541 2726 656 2785 repente
676 2728 792 2776 ortum,
813 2710 893 2786 prius
911 2728 1007 2771 tamen

301 2803 303 2807 ⁴
333 2788 444 2847 finitum
459 2806 518 2857 est,
529 2806 614 2865 quam
625 2788 746 2851 Darium
757 2788 927 2853 Alexander
936 2786 1008 2869 apud

333 2864 439 2930 Arbela
454 2884 611 2947 superaret.-
