2350 3967
332 471 526 544 LIBER
564 470 689 549 Vlil.
785 495 848 560 '427

154 601 304 653 mentes,
316 602 404 661 quam
412 581 541 664 ingentes
551 583 789 662 concupiscentie
798 585 848 647 de·

156 678 327 730 voverunt.
339 662 404 722 Rex
421 662 571 743 benignius
583 683 671 741 quain
686 665 756 726 nlius
771 667 848 726 ullo-

158 761 274 812 cutus,
294 739 437 802 discedere
455 760 504 800 eos
521 740 557 800 ad
575 742 699 803 curanda
714 763 845 825 empore,

159 820 846 906 quoniamtotanocteperstitissent‚jubenData

161 919 237 966 sunt
244 899 571 984 singulisquinquaginta
579 903 703 963 sestertia
714 905 845 975 ;collau-

161 984 322 1061 datisque,
342 977 413 1060 quoti
432 980 517 1039 etiam
542 978 611 1041 aliis
630 981 734 1043 tradita
754 983 845 1054 vite,

164 1080 267 1125 tamen
287 1057 423 1122 excubate
441 1077 675 1139 perseverassent.
698 1063 745 1124 illi
767 1079 847 1124 tanta

165 1161 221 1224 spe
232 1139 356 1203 destituti
363 1139 628 1201 domosabeuntset
635 1143 721 1203 ceteri
731 1144 846 1221 quidem

166 1223 374 1300 exspectabant
393 1219 521 1280 stationis
545 1240 600 1281 suae
625 1238 753 1285 noctem.
776 1222 846 1300 Epi-

166 1321 295 1371 menes,
318 1300 377 1361 sive
400 1299 540 1359 comitate
561 1300 655 1380 tegis,
679 1323 734 1379 qua
754 1301 848 1380 ipsum

166 1382 249 1444 inter
258 1379 423 1458 conjuratos
435 1395 606 1456 exceperat,
622 1399 737 1458 tepente
752 1397 848 1440 muta·

168 1479 218 1524 tus
230 1482 241 1534 ς
261 1462 321 1521 sive
337 1459 403 1536 quia
416 1459 515 1536 coeptis
529 1459 610 1520 Deos
623 1464 732 1522 obstare
749 1460 844 1521 crede·

167 1545 248 1612 bat3
272 1539 352 1601 ftatti
375 1559 428 1599 suo
450 1538 637 1614 Eurylochi),
657 1561 744 1618 quem
763 1557 848 1600 antea

167 1635 321 1700 expertem
337 1638 398 1678 esse
412 1618 525 1678 consilii
540 1619 694 1690 voluerut,
712 1619 779 1698 quid
793 1639 845 1698 pa-

90 1695 99 1704 ’
169 1717 305 1768 taraus,
323 1698 422 1775 aperit.
436 1697 580 1759 Omnibus
599 1698 718 1760 Philone
738 1700 847 1779 suppli-

169 1781 254 1842 cium
268 1780 298 1839 in
311 1779 401 1842 oculis
413 1794 485 1839 erat.
501 1778 600 1854 ltaque
613 1782 740 1858 protinus
755 1781 851 1860 injicit

169 1859 255 1923 fratri
271 1877 409 1926 manum,
428 1875 457 1917 et
466 1859 496 1917 in
507 1860 616 1939 regiam
633 1860 762 1938 pervenit
774 1883 784 1920 t
795 1857 856 1920 ets-⁹

170 1939 324 2017 citatisque
340 1938 501 1998 custodibus
511 1939 657 2012 corporis,
679 1937 715 1998 acl
732 1936 851 1998 salutem

169 2019 253 2101 regis
263 2015 426 2098 pertinere,
444 2035 504 2095 que
517 2012 650 2097 affines,
668 2015 800 2080 affirmat.
811 2017 851 2077 Et

170 2115 308 2176 tempus,
320 2116 377 2173 quo
387 2115 522 2158 venerant
532 2118 544 2170 ς
554 2116 583 2158 et
592 2100 687 2159 vultus
698 2096 772 2158 haud
783 2115 851 2159 sane

172 2178 269 2242 secuti
285 2177 374 2238 animi
392 2175 497 2250 inlex3
513 2177 547 2236 'et
564 2179 696 2240 moestitia
710 2199 726 2240 e
741 2177 853 2240 duobus

172 2259 293 2321 alterius
306 2296 318 2327 ‚
329 2257 520 2318 Ptolemaeum
530 2277 564 2317 ac
573 2259 754 2320 Leonnatum
765 2277 853 2318 excu-

173 2342 277 2400 bantes
286 2335 322 2397 ad
332 2336 456 2397 cubiculi
465 2337 559 2396 ‘limen
569 2340 764 2400 excitaverunt
775 2359 783 2397 ε
796 2337 852 2395 ita·

174 2437 235 2498 que
250 2415 354 2494 apertis
364 2415 491 2484 loribus,
511 2433 540 2475 et
552 2419 662 2478 lumine
673 2417 756 2476 illato
773 2415 854 2490 sopi-

177 2515 242 2560 tum
259 2515 346 2557 mero
359 2517 394 2556 ac
412 2516 515 2564 somno
532 2498 658 2558 excitant
674 2513 783 2578 tegern.
798 2494 855 2554 ille

176 2577 320 2656 paulatim
336 2590 436 2636 mente
448 2576 593 2647 collecta,
615 2574 680 2658 quid
694 2569 827 2656 afferrent
843 2611 856 2642 ,

178 2657 348 2739 interrogat.
362 2654 394 2714 N
395 2670 428 2714 ee
441 2661 574 2718 consutus
586 2656 783 2734 Eurylochus,
800 2671 856 2713 non
927 2717 930 2724 ,

180 2757 217 2798 ex
228 2753 286 2798 toto
307 2734 418 2795 domum
433 2753 514 2794 uuam
532 2737 656 2798 aversuri
669 2734 750 2797 Deos
762 2733 833 2794 dixit
846 2746 858 2804 3

178 2815 344 2896 quiafrater
355 2812 446 2894 ipsius
458 2833 609 2895 quanquam
623 2811 858 2896 impiumfacinus
949 2871 952 2877 ,

177 2915 264 2967 uuus
283 2891 391 2976 sotem
415 2909 507 2956 tamen
532 2914 560 2957 et
581 2893 862 2978 poenitentiamque

648 2994 679 3057 N
698 3013 718 3054 n
737 2993 758 3074 ij
