2350 3967
379 455 704 524 arotarii.
828 484 880 545 ιη

183 559 279 642 ,inter
299 559 363 622 haec
382 580 500 622 auream
522 559 647 638 aquilam
664 561 765 640 pinnas
785 581 885 623 exten-

192 641 283 704 denti
291 639 424 702 similem
439 657 630 703 sacraverant.
642 639 744 702 Culms
755 643 827 722 regis
838 643 885 701 in-

194 736 244 784 ter
262 721 367 780 omnia
382 721 495 781 luxuria
507 722 670 783 notabatur.
681 720 828 798 Purpureae
838 737 887 782 tu-

197 803 275 862 nicae
287 801 420 860 medium
430 801 528 860 album
538 799 678 860 intextum
687 818 766 861 erat:
775 802 884 880 pallam

201 901 277 941 auto
305 879 470 940 distinctam
497 879 575 939 aurei
607 879 778 958 accipitres,
802 882 885 942 velut

199 960 304 1020 sostris
326 961 401 1020 inter
423 976 452 1018 se
471 976 661 1029 corruerent,
686 959 883 1031 adornabant3

201 1056 234 1102 et
247 1059 328 1100 zona
340 1055 425 1100 autea
436 1039 611 1098 muliebriter
618 1038 728 1100 cinctus
737 1040 884 1099 acinacem

201 1119 413 1196 suspenderat,
436 1117 481 1177 cui
500 1135 541 1176 ‘ex
560 1135 674 1198 gemma
693 1136 754 1178 erat
769 1118 887 1200 ragina.

207 1195 341 1260 Cidarim
351 1197 440 1258 Perta
454 1195 564 1275 regium
575 1197 675 1274 capitis
684 1199 827 1258 vocabant
840 1200 887 1258 iu-

205 1281 315 1359 signer
343 1275 400 1337 hoc
416 1277 543 1336 coernlea
561 1275 648 1337 fascia
669 1277 736 1336 albo
757 1277 886 1338 distincta

203 1357 392 1419 circumibat.
412 1354 536 1414 Currum
547 1354 647 1415 decem
657 1356 749 1414 millia
759 1354 885 1416 hastato-

206 1459 277 1500 rum
300 1437 504 1513 sequebantur:
517 1431 609 1495 hastas
626 1453 745 1515 argento
763 1455 887 1496 exorna-

204 1535 272 1586 tas,
287 1515 396 1595 spicula
405 1533 475 1574 auro
485 1513 598 1590 praefixa
626 1515 762 1575 estabant.
777 1515 887 1575 Dextra

208 1599 342 1674 laevaque
361 1613 459 1675 regem
476 1593 590 1653 ducenti
605 1535 697 1655 ienae
716 1593 887 1655 nobilissimi

206 1677 441 1758 propinquorum
459 1673 676 1734 comitabantur.
696 1672 813 1734 Horum
832 1695 887 1755 ag·-

209 1751 887 1832 menclaudebaturtrigintamillibuspeditum,

212 1858 289 1914 quos
308 1833 372 1910 equi
386 1831 460 1912 regis
477 1831 671 1915 quadringenti
687 1835 890 1910 sequebantur.

212 1915 375 1978 Intervallo
402 1911 502 1972 deindo
525 1911 608 1972 unius
631 1911 739 1979 stadii,
766 1930 889 1972 matrem

211 1993 302 2056 Darii
322 1990 511 2072 Sysigambim
524 2009 624 2050 currus
642 1990 792 2059 vehebat,
814 2009 843 2050 et
859 1994 890 2050 ia

214 2075 278 2138 alio
289 2089 350 2133 erat
361 2071 477 2150 conjux,
491 2068 589 2130 Turba
599 2067 770 2129 feminarum
780 2069 891 2150 reginas

211 2151 420 2216 comitantium
433 2147 511 2228 equis¹
529 2151 703 2211 vectabatur.
715 2147 891 2226 Quindecim

213 2234 303 2303 inde,
321 2251 390 2309 quas
407 2245 585 2288 armamaxas
604 2229 768 2306 appeliant,
787 2249 890 2308 seque·

214 2318 330 2375 bantur.
352 2311 386 2370 ln
406 2307 450 2368 lris
464 2322 547 2368 erant
567 2307 652 2370 liberi
671 2309 770 2390 regis,
792 2328 821 2368 et
841 2309 892 2387 qui

215 2395 378 2454 educabant
388 2407 461 2456 eor,
477 2387 690 2466 spadonumque
705 2398 793 2468 grex,
815 2387 890 2448 haud

204 2471 285 2536 'sane
298 2471 356 2532 illis
366 2468 498 2549 gentibus
508 2467 580 2528 uilis.
592 2468 675 2528 Tum
681 2467 764 2546 regia
774 2468 891 2543 pellices

218 2569 351 2615 trecentae
374 2546 522 2625 sexaginta
550 2546 748 2613 vehebantur,
775 2563 806 2605 et
826 2546 890 2623 ipsae

216 2634 306 2714 regali
317 2625 891 2702 cul'tuornantque.Postquaspecuniam

216 2715 290 2796 regis
316 2705 446 2772 sexcenti
464 2705 566 2775 muli,
598 2722 629 2765 et
647 2704 765 2764 trecenti
786 2707 892 2766 cameli

213 2795 384 2860 vehebant3
407 2784 535 2862 praesidio
560 2784 768 2864 sagittariorum
792 2806 891 2862 prose-

207 2891 331 2955 quente.
346 2865 581 2944 Propinquorum
591 2862 805 2940 amicorumque
819 2885 892 2933 con·⁴

729 2959 793 3041 ιη
