2350 3967
369 431 561 503 LIBER
599 438 646 507 Vt
779 442 857 519 355,

149 536 302 623 Eundem
312 557 464 619 expectata
476 541 528 603 lux
538 541 660 611 omnia,
679 560 741 621 que
758 543 845 603 terri·

155 624 271 686 biliota
293 642 357 681 nox
379 621 513 690 fecerat,
537 620 672 683 minuit:
698 620 844 685 circumiri

149 701 244 775 ,brevi
256 700 354 779 spatio
364 718 477 778 poterat
485 700 613 772 eluvies;
628 717 658 763 et
666 701 718 761 sibi
726 701 843 779 quisque

159 780 223 844 dux
232 780 484 857 itinerincoepetat
497 779 573 840 fieri.
583 780 714 843 Evadunt
726 801 796 862 ergo
810 783 841 843 irt

162 860 279 923 editum
287 860 429 921 uerticem
445 882 455 919 e
471 880 507 919 ex
517 880 575 936 quo
585 858 712 921 hostium
721 860 842 923 statione

155 956 346 1017 conspecta,
366 957 477 999 strenue
491 938 613 1009 armati,
635 958 650 999 a
664 956 784 1021 tergore
797 961 843 1001 os·

163 1019 289 1081 tendunt
309 1016 386 1077 nibil
406 1018 465 1078 tale
485 1020 696 1091 metuentibus;
719 1038 842 1097 quorun
886 1094 895 1103 N

166 1097 275 1177 pauci,
294 1096 491 1177 quicongredi
503 1097 672 1167 aurierant,
694 1099 841 1161 ceritum.

167 1177 268 1255 ltaque
284 1175 356 1237 hinc
366 1175 550 1239 morientium
559 1176 682 1257 gemitus
695 1195 706 1249 ς
725 1176 792 1241 hinc
806 1176 841 1239 ad

165 1276 233 1319 suos
243 1255 453 1319 recurrentium
461 1254 627 1317 miserabilis
642 1255 749 1328 facies3
768 1258 843 1317 inte·

167 1356 236 1417 gros
247 1354 385 1413 qnoque,
400 1351 484 1397 antea
493 1356 580 1414 quam
589 1334 740 1397 discrimen
753 1356 843 1413 expe·

169 1416 313 1483 rirentur,
330 1412 361 1475 in
371 1413 469 1495 fugant
478 1416 591 1478 avertit.
603 1414 730 1477 Fremitu
742 1414 843 1476 deinde
869 1448 873 1455 ·

169 1494 201 1559 in
212 1511 304 1555 castra
314 1536 326 1563 ,
337 1494 438 1571 quibus
446 1490 580 1558 Craterus
588 1512 705 1574 praerat
715 1532 724 1563 ‚
736 1492 818 1555 illato
831 1516 842 1567 ;

167 1575 206 1635 ad
220 1573 403 1650 occupandas
413 1593 448 1633 an
488 1573 575 1643 stiur,
597 1577 627 1637 in
643 1574 742 1653 quibus
755 1574 843 1649 pridie
943 1630 947 1637 .

168 1652 329 1723 hesitant,
339 1650 448 1713 milese
465 1654 567 1715 ucitur.
577 1653 669 1717 Simul
678 1671 707 1715 ct
717 1652 843 1715 Philotan

155 1755 238 1797 ,cum
264 1731 474 1809 Polyperconte
495 1734 676 1813 Amyntaque
697 1752 725 1795 et
747 1732 842 1795 Coeno

167 1813 316 1875 diversum
326 1810 381 1871 iter
392 1809 501 1893 ingredi
515 1812 622 1884 ussus,
642 1814 732 1889 alium
747 1831 842 1875 terro·

166 1912 233 1957 rem
249 1890 352 1952 intulit
361 1890 493 1953 barbatis.
507 1834 584 1973 lirgo
600 1893 724 1971 undique
741 1895 843 1955 Mace·

154 2021 157 2028 ,
167 1972 281 2038 donum
292 1969 378 2033 armis
385 1969 557 2051 fulgentibus
570 1972 688 2051 ancipiti
700 1972 782 2033 malo
790 1993 844 2051 op-

167 2051 278 2133 pressi,
297 2050 486 2111 memorabile
497 2068 594 2111 tamen
605 2052 731 2129 praelium
745 2051 844 2115 edunt.

169 2134 216 2197 Ut
237 2131 372 2208 opinor,
395 2129 541 2213 ignaviam
559 2152 675 2211 quoque
693 2132 844 2195 necessitas

168 2212 271 2284 acuit3
292 2225 322 2271 et
340 2230 413 2287 saepe
430 2209 591 2288 desperatio
608 2212 668 2290 spei
689 2232 773 2273 causa
788 2229 843 2275 est.

168 2291 251 2353 Nudi
261 2289 527 2366 complectebantur
536 2310 682 2360 annates,
697 2307 726 2353 et
733 2291 762 2351 in'
783 2292 844 2353 enti

166 2390 328 2451 corporum
335 2368 417 2431 mole
426 2370 682 2431 secuntadtettam
690 2312 844 2432 demiren-

168 2468 242 2521 tes„
272 2448 412 2529 ipsorum·
427 2448 492 2511 telis
513 2450 665 2528 plerosque
686 2449 846 2515 fodiebant.

169 2529 383 2593 Ariobarzanes
394 2544 510 2598 tamen,
523 2550 565 2589 nu
579 2529 670 2591 ferme
687 2526 845 2606 equitibus,

169 2627 199 2673 et
213 2609 341 2688 quinque
355 2607 485 2672 millibus
499 2608 628 2685 peditum
640 2607 778 2685 stipatur,
793 2625 848 2685 pet

154 2690 296 2752 -nrediam
321 2688 417 2749 aciem
435 2687 631 2750 Macedonum
657 2708 727 2749 cum
751 2689 848 2763 multo

156 2790 286 2831 uuonrnt
306 2785 395 2847 atque
415 2765 543 2829 hostium
563 2767 700 2861 sanguine
722 2766 815 2847 erupit
836 2788 852 2841 ς

161 2846 348 2933 ¹Persepolim
357 2848 465 2927 urbem
474 2864 560 2929 caput
570 2848 697 2931 regionis
710 2866 855 2929 occupare
