2350 3967
338 472 526 539 LIBER
564 480 674 549 Vll.
783 499 837 567 ³⁶3

155 575 293 638 Gobares
309 557 386 637 iuter'
398 578 552 639 tumultum
567 582 697 659 elapsus,
719 582 754 644 ad
769 588 842 647 Ale-

152 658 305 717 xandrum
318 657 476 737 transfugit.
491 678 557 719 vrri
569 660 661 723 millia
670 662 840 725 Bactriano·

155 756 228 807 rum
238 736 365 795 habebat
373 754 481 795 armata
490 738 612 809 Bessus,
628 762 688 817 quae
703 745 838 821 quamdiu
855 798 859 806 .

156 832 282 892 propter
297 814 365 875 coeli
378 814 599 891 intemperiem,
617 818 727 881 Indiam
743 825 838 899 potius

159 894 343 957 Macedonas
352 895 487 969 petituros
498 896 689 968 crediderant,
703 902 840 963 obedien·

158 988 206 1033 rer
217 972 513 1053 imperatafeceruntr
526 992 677 1053 postquam
687 979 839 1053 adventare

158 1050 361 1115 Alexandrum
373 1070 552 1129 compertum
563 1074 605 1115 est
616 1078 626 1127 3
637 1056 666 1115 in
682 1080 747 1118 suos
756 1060 837 1137 quis·

159 1150 218 1208 que
230 1132 311 1203 vicos
323 1131 439 1208 dilapsi,
458 1132 571 1194 Bessum
585 1135 767 1213 reliquerunt.
781 1138 837 1199 Illa

161 1230 232 1269 curn
243 1210 393 1273 clientium
405 1230 512 1280 manu,
528 1210 575 1289 qui
586 1234 646 1273 non
657 1233 837 1278 mutaverant

159 1288 271 1358 fidem,
293 1288 366 1349 Oxo
390 1308 475 1349 amne
496 1311 653 1369 superato,
675 1294 836 1373 exustisque

161 1368 299 1449 navigiis,
310 1370 410 1447 quibus
419 1369 581 1439 transierat,
592 1392 630 1431 ne
640 1372 739 1432 iisdem
748 1372 837 1435 hostis

164 1463 312 1521 uteretur3
333 1468 422 1510 novas
437 1449 532 1525 copias
551 1452 580 1510 in
599 1449 747 1533 Sogdianis
765 1474 838 1514 con·

160 1524 303 1589 trahebat.
329 1528 492 1587 Alexander
514 1528 675 1589 Caucasum
694 1531 836 1609 quidem,

160 1622 192 1667 ut
205 1604 406 1683 supradictum
417 1623 480 1675 est,
495 1608 663 1681 transierat;
679 1610 726 1670 se'd
738 1611 836 1689 inopia

158 1685 299 1747 frumenti
323 1704 411 1763 prope
425 1684 468 1747 rad
492 1686 738 1751 famemwentum
763 1708 837 1773 erat,

155 1763 257 1825 Sucro
280 1783 318 1825 ex
342 1784 451 1825 sesama
473 1784 632 1844 expresso,
656 1766 731 1830 haud
754 1790 835 1838 secus

159 1862 249 1921 quam
266 1844 336 1903 oleo
352 1860 427 1903 artus
441 1848 663 1925 perunguebant.
680 1848 734 1909 Sed
751 1847 835 1925 hujus

155 1923 236 1984 succi
246 1921 554 2004 ducenisquadragenis
563 1924 833 2004 denariisamphorae

158 2000 298 2085 singular
317 2003 427 2071 mellis,
440 2002 560 2065 denariis
571 2005 690 2083 trepenis
707 2025 835 2086 nonage·

157 2082 221 2156 uis;
236 2082 360 2141 trecenis
367 2082 426 2144 vini
436 2082 658 2159 aestimabanmr3
669 2082 754 2146 tritici
763 2084 835 2147 nihil

158 2179 208 2221 aut
218 2159 378 2221 admodum
388 2159 524 2242 exiguum
541 2165 739 2241 reperiebatur.
754 2162 835 2225 Siros

158 2244 308 2305 vocabant
316 2240 425 2301 barbari
437 2263 446 2301 r
458 2263 529 2319 quos
539 2242 578 2302 ita
587 2246 704 2305 solerter
713 2246 836 2305 abscon·

155 2318 248 2389 dunt,
262 2338 295 2379 ut
309 2318 363 2377 nisi
371 2320 420 2397 qui
429 2319 616 2392 defoderunt,
632 2324 758 2385 invenire
771 2343 833 2385 non

131 2436 133 2439 v
156 2400 282 2477 ppssint.
293 2398 327 2457 ln
337 2398 372 2459 iis
382 2398 501 2461 condita
509 2402 603 2481 fiuges
613 2419 704 2464 erant.
718 2402 752 2461 In
763 2412 837 2479 qua,-

158 2498 223 2539 rum
248 2477 368 2556 penuria
393 2478 497 2539 milites
520 2476 651 2539 fluviatili
671 2478 777 2557 pisce,
802 2496 836 2545 ,et

156 2556 254 2622 herbis
267 2556 483 2620 sustinebantur.
494 2558 618 2638 Jamque
634 2558 694 2622 haec
706 2557 766 2639 ipsa
780 2559 836 2619 ali-

152 2654 260 2703 ,menta
278 2634 459 2711 defeceranta
479 2657 546 2698 cum
561 2639 713 2736 jumenta,
734 2638 834 2715 quibus

153 2736 249 2779 onera
259 2718 429 2794 portabant,
444 2715 548 2779 cadere
559 2718 625 2797 jussi
636 2734 716 2780 suntt
728 2714 833 2790 horum

158 2814 266 2865 came,
284 2794 353 2865 dunt
364 2794 393 2856 in
405 2795 567 2862 Bactrianos
576 2813 761 2875 perventum,
773 2818 834 2857 rra-

152 2894 228 2941 ,rere
245 2874 353 2947 sitam.
370 2873 522 2967 Bactriana
541 2894 620 2941 terra
635 2867 787 2963 multiplex
805 2891 836 2944 et

627 2958 740 3062 aaa
