2350 3967
363 449 638 540 emaum
765 471 833 544 ms

156 621 832 710 ΉῩΨἫῩἫΉῩΫἫΝ

134 730 835 870 ⁵‘nsnenneernun‘

322 891 585 1026 ennon
646 923 673 1013 n

216 1131 314 1176 rsorn
326 1117 384 1178 fere
396 1116 491 1180 diebus
503 1119 645 1182 Cleander
656 1136 684 1180 et
696 1116 833 1190 Sitalces,

213 1211 242 1255 et
272 1216 338 1262 curn
359 1196 512 1277 Agathone
533 1201 670 1260 Heracon
696 1214 832 1290 superve-

160 1280 266 1342 niunt,
283 1297 330 1352 qur
324 1275 583 1358 Parmenionem'
576 1300 650 1347 tussu
662 1277 734 1357 regis
747 1279 829 1367 occi·

160 1353 280 1425 derant3
299 1351 422 1431 quinque
434 1359 525 1418 millia
537 1358 662 1436 peditum
673 1377 740 1418 cum
750 1355 832 1433 equi·

143 1433 248 1492 ¹tibus·
251 1435 345 1495 inille.
361 1433 413 1493 Sed
433 1452 461 1496 et
477 1455 652 1498 accusatores
668 1453 746 1496 cose
761 1449 831 1512 pro-

158 1511 277 1579 vincia,
294 1534 340 1574 cur
333 1513 535 1589 praefuerant,
555 1517 764 1592 sequebantur,
777 1531 832 1573 nec

148 1606 208 1650 tot
215 1590 362 1658 facinora,
372 1610 441 1669 quot
450 1595 634 1663 admiserant,
645 1609 832 1684 compensare

158 1684 292 1747 poterant
303 1668 383 1730 cadis
401 1692 536 1750 perquam
545 1687 640 1766 ¹gratae
651 1671 712 1753 regi
728 1669 831 1732 minis-

158 1748 247 1810 teri0.
263 1747 380 1826 Quippe
392 1772 458 1810 curn
474 1754 569 1813 onmia
581 1751 699 1830 prolana
714 1751 833 1829 spolias·

158 1845 242 1900 sent3
264 1848 300 1888 ne
312 1829 395 1890 sacris
413 1829 525 1906 quidem
540 1833 755 1892 abstinuerant.
773 1831 832 1891 vir·

156 1907 296 1987 ginesque
322 1923 350 1966 et
375 1910 514 1987 principes
542 1911 714 1970 feminarum
739 1928 831 1986 stupra

156 2006 293 2076 perpessae
306 2007 458 2061 corporum
476 1988 596 2048 ludibria
612 1988 760 2079 deflebant.
779 1989 830 2046 ln·

155 2063 251 2126 visum
267 2065 461 2126 Macedonum
477 2086 583 2128 nomen
600 2068 717 2128 avaritia
728 2087 831 2131 eorum

155 2165 191 2204 ac
202 2142 294 2202 libido
308 2145 429 2204 barbaris
445 2145 560 2208 fecerat·
575 2147 652 2206 lnter
667 2167 768 2207 omnes
785 2163 832 2206 ta·

155 2243 229 2314 men
236 2221 380 2283 eminebat
390 2223 524 2286 Cleandri
533 2227 630 2294 furor,
643 2247 690 2302 qur
683 2225 830 2294 nobilem

154 2302 300 2380 virginem
311 2319 520 2380 constupratam
537 2325 620 2368 servo
630 2325 683 2364 suo
695 2305 829 2380 pellicem

153 2380 283 2441 dederat.
295 2379 424 2472 Plerique
437 2383 594 2444 amicorum
605 2383 759 2442 Alexandri
768 2402 831 2442 non

153 2476 215 2522 tam
231 2458 404 2528 criminum,
423 2483 482 2539 qure
495 2463 591 2538 palam
603 2461 828 2538 objiciebantur,

153 2537 360 2606 atrocitatem,
379 2561 465 2615 qnam
484 2540 655 2601 memoriam
675 2540 761 2600 occisi
778 2558 829 2615 pet

152 2636 205 2678 eos
223 2617 452 2688 Parmenionis,
466 2621 541 2696 quod
558 2619 675 2678 taciturn
695 2619 828 2711 prodesse

100 2715 115 2760 ’,
151 2697 206 2756 reis
217 2697 292 2772 apud
303 2710 399 2788 regem
411 2715 539 2774 poterat,
555 2698 759 2758 intuebanture
769 2695 827 2758 laeti

150 2775 310 2836 recidisse
300 2797 372 2836 rtem
384 2777 415 2834 in
425 2779 471 2836 irae
481 2777 645 2844 ministros,
667 2797 719 2836 nec
734 2777 826 2841 ullam

147 2855 313 2933 potentiam
330 2856 436 2921 scelere
443 2857 598 2937 quesitam
611 2857 756 2936 cuiquem
766 2873 830 2924 etat
