2350 3967
341 429 540 544 UBER-
584 479 658 545 IX.
775 488 838 561 '477

139 591 251 639 sotum
259 579 399 659 persecuti
411 598 498 653 sunt,
519 580 586 661 quid
603 582 700 663 cuique
716 586 839 666 supersit

144 674 193 717 etc
206 656 329 737 praetia?
344 659 463 720 omnium
477 660 617 732 uictores,
637 661 756 725 omnium
771 665 838 725 ina·

137 755 207 875 pes
229 757 337 802 sumus.
363 738 429 799 Nec
451 738 565 801 luxuria
584 740 758 814 laboramus,
785 740 837 807 sed

170 813 230 875 ello
242 815 431 878 instrumenta
445 818 511 878 belii
522 820 735 886 consumsimus.
752 822 836 885 Hunc

144 911 186 954 aaa
224 892 417 957 ulcitessitnum
433 898 587 965 exercitum
604 898 704 961 nudum
721 902 840 981 objicies

144 915 289 1035 beliiuis?
310 996 423 1055 quacum
440 995 471 1036 ut
489 976 693 1040 multitudinem
715 998 839 1063 augeant

145 1052 192 1113 de
210 1052 352 1117 industria
369 1054 481 1117 barbari
491 1097 501 1127 ,
523 1060 651 1139 magnum
664 1077 755 1122 tamen
772 1082 837 1123 esse
914 1120 916 1123 .

146 1152 298 1194 numerum
309 1134 394 1196 etiam
403 1156 440 1197 ex
450 1137 592 1197 mendacio
603 1136 835 1221 intellinguad
864 1159 868 1166 “

146 1212 182 1271 si
200 1210 291 1273 adhuc
326 1234 452 1275 enetcate
469 1216 499 1275 in
517 1215 626 1277 indiam
646 1238 749 1279 certum
767 1238 835 1293 est,·

146 1291 234 1372 regio
247 1313 265 1352 a
312 1293 400 1353 etidie
411 1294 502 1356 minus
514 1314 674 1366 massueti,
700 1318 753 1377 qua
770 1296 837 1360 sub·

148 1389 221 1431 acta
245 1370 341 1432 iicebit
356 1372 498 1434 decurrere
512 1374 543 1435 in
561 1373 631 1435 iliud
650 1396 745 1447 mare,
765 1376 836 1457 quud

147 1449 237 1511 reiut
247 1450 376 1512 humanis
391 1452 637 1514 terminum'uoluit
653 1475 714 1516 esse
725 1475 837 1523 ausuras

148 1526 213 1591 Cut
231 1530 378 1591 circumitu
392 1532 469 1611 petis
484 1532 627 1613 giarium,
646 1555 705 1614 qua
722 1532 758 1595 ad
776 1557 836 1597 ma·

147 1630 220 1669 nutu
230 1611 326 1690 posita
342 1612 408 1675 cst?
429 1609 475 1672 hic
481 1633 589 1691 ,quoque
600 1616 720 1676 occurrit
736 1612 836 1685 Occaae

147 1709 216 1751 nus.
235 1688 308 1752 Nisi
334 1692 425 1752 mauis
447 1711 558 1761 estare,
575 1694 750 1773 pervenimus
779 1715 831 1774 qua

146 1786 199 1829 tua
207 1766 330 1845 fortuna
349 1768 438 1831 ducit.
462 1768 533 1831 Hac
548 1789 656 1843 tecum,
676 1795 756 1853 quam
770 1775 834 1839 sinc

147 1865 180 1908 te
198 1870 261 1908 cum
279 1846 349 1918 iiis,
371 1848 444 1928 ioqui
464 1848 548 1909 malui
565 1872 577 1923 ,·
596 1872 649 1911 non
670 1854 720 1913 uti·
733 1854 832 1917 inirem

137 1927 362 1990 ⁴circumstantis
386 1928 525 1989 exercitus
545 1930 667 2010 gratiam
687 1952 699 2004 ;
728 1932 778 1993 sed
802 1949 834 1994 ut

145 2027 248 2069 uocem
263 2006 429 2087 loquentium
435 2007 548 2088 potius,
567 2030 646 2086 quatu
661 2028 690 2068 ut
697 2011 832 2090 gemitum
857 2013 859 2021 ’

145 2086 380 2147 murmurantium
401 2085 527 2148 audites,
541 2089 586 2149 Ut
602 2088 689 2150 finem
707 2091 832 2153 urationi

147 2166 260 2228 Caenus
285 2166 448 2245 imposuit,
476 2168 587 2227 clamos
612 2170 735 2247 undique
762 2193 832 2233 cum

145 2248 267 2327 ploratu
278 2247 370 2307 oritur
404 2265 515 2325 regem,
529 2267 657 2327 putrem,
674 2248 831 2323 dominum,

146 2326 279 2389 confusis
295 2328 501 2406 appellantium
515 2329 645 2389 vocibus.
661 2330 784 2407 Jamque
802 2348 832 2393 aa

145 2408 199 2468 alii
209 2408 311 2474 duces,
321 2406 515 2483 praecipueque
525 2408 667 2475 seniores,
680 2409 778 2485 quibus
792 2413 830 2471 ob

147 2506 264 2549 aetatem
288 2504 317 2546 et
340 2485 490 2547 excusatio
513 2484 662 2546 honestior.
684 2506 772 2558 erat,
799 2507 830 2551 et
909 2502 912 2508 '

144 2566 302 2629 auctoritas
314 2565 428 2643 major,
450 2565 550 2624 eadem
562 2569 766 2643 precabantur,
775 2570 829 2631 ille

143 2667 200 2708 nec
212 2646 353 2726 castigare
364 2645 540 2713 obstinatos,
558 2667 611 2707 nec
627 2647 757 2727 mitigare
773 2668 829 2725 po-

146 2744 220 2787 tetas
237 2726 336 2787 iratos.
349 2726 447 2862 ltapue
465 2724 548 2803 inops
564 2726 678 2787 consilii
690 2728 830 2792 desiluite

146 2806 305 2873 tribunali,
326 2801 386 2865 clau
408 2803 470 2881 ique
485 2806 593 2882 regiam
611 2804 708 2884 jussit,
731 2809 829 2869 omni·

145 2886 217 2959 bus,
234 2903 337 2966 pratas
352 2900 497 2956 assuetos,
517 2885 594 2949 adito
602 2884 832 2967 prouincia-Bk
