2350 3967
292 467 483 538 LIBER
524 473 649 541 VIII.
748 484 819 554 ω’

106 568 246 634 tarium
264 572 370 634 ducum
386 576 639 656 praefectorumque
656 575 728 654 apud
744 577 813 638 Ma·

109 653 257 714 cedonas
268 653 333 715 fuir.
353 654 432 716 Hinc
448 654 571 720 habuere
587 657 691 735 posteri
702 677 808 738 reges,

111 752 258 810 quorum
275 733 354 809 stirpi
369 751 435 812 port
452 737 556 797 multas
574 755 667 798 aetates
681 733 810 797 Romani

114 831 201 888 opes
226 813 406 876 ademenmt.
431 815 521 896 Igitur
541 816 715 876 Hermolaus
737 834 811 893 puer

115 891 240 953 nobilis
253 912 292 952 ex
307 893 382 972 regia
394 894 514 955 cohorte
527 936 536 962 ‚
551 917 619 956 cum
631 915 730 971 aprum
746 895 808 956 telo

117 986 324 1050 occupasset,
341 994 428 1050 quem
438 995 488 1035 rex
497 975 581 1034 ferire
596 975 781 1036 destinaverat
795 995 806 1044 ς

117 1050 208 1127 iussu
233 1049 296 1127 ejus
314 1053 476 1114 verberibus
497 1053 612 1116 affectus
631 1071 684 1116 est.
706 1052 807 1131 Quam

118 1129 326 1210 ignominiam
337 1153 359 1192 κ
393 1133 531 1204 eserens,
543 1133 646 1195 deflere
657 1135 730 1211 opud
740 1133 807 1193 Sos·

120 1227 242 1271 tratum
255 1153 408 1288 coepitssx
418 1212 518 1272 eadem
532 1213 652 1274 cohorte
666 1230 727 1272 erat
737 1213 807 1272 Sot-

121 1307 222 1356 trarus
233 1311 336 1352 amore
348 1291 409 1369 ejus
420 1291 529 1354 ardens.
540 1291 602 1370 Qui
618 1313 685 1354 cum
700 1292 809 1352 lacera-¹

123 1386 194 1430 tum
203 1389 331 1447 corpus,
342 1371 371 1430 in
384 1393 442 1448 quo
455 1372 599 1450 deperibat
609 1414 619 1442 ,
631 1371 785 1431 intueretur
799 1409 809 1437 ‚

124 1449 253 1510 forsitan
264 1450 338 1510 olim
348 1453 386 1510 ob
396 1451 484 1512 aliam
495 1471 609 1530 quoque
622 1471 735 1512 causam
748 1449 807 1530 regi

125 1529 274 1603 infestus3
289 1528 421 1606 juvenem
430 1553 480 1602 sua
490 1549 591 1608 sponte
604 1531 662 1609 jam
675 1548 806 1592 morum.

125 1609 197 1670 data
211 1609 270 1669 fide
280 1627 450 1688 acceptaque
458 1611 580 1689 perpulit
591 1653 601 1679 ,
612 1628 643 1672 ut
659 1608 808 1670 occidendi

127 1707 234 1770 regern
250 1689 403 1750 consilium
414 1710 509 1750 secum
524 1690 617 1749 iniret.
631 1688 694 1750 Nee
706 1689 809 1765 puerili

127 1768 246 1846 impetu
262 1788 325 1828 tem
339 1770 452 1830 executi
465 1787 551 1830 sunt:
570 1769 674 1847 quippe
690 1769 808 1829 solerter

128 1850 288 1930 legerunt,
302 1848 411 1924 quosin
422 1849 587 1909 societatem
597 1849 711 1909 sceleris
719 1849 806 1908 ascis-

128 1945 256 2000 cerent;
278 1925 492 1996 Nicostratum,
508 1929 689 2004 Antipatrum
703 1929 807 1986 Ascle-

127 2008 364 2086 piodorumque,
380 2026 410 2066 et
423 2006 556 2066 Philotan
569 2007 676 2084 placuit
691 2005 810 2070 assumi.

128 2087 188 2148 Per
199 2085 255 2147 hos
265 2086 368 2163 adjecti
378 2103 442 2146 tunt
452 2085 599 2156 Anticles,
612 2085 781 2162 Elaptonius
794 2127 804 2152 ‚

130 2165 480 2244 etEpimenes.Ceterum
489 2164 731 2248 agendaereihaud
740 2184 807 2226 saue

129 2247 225 2308 facilis
232 2248 349 2324 patebat
358 2245 415 2306 via.
430 2244 514 2324 Opus
523 2263 585 2306 etat
595 2245 694 2306 eadem
706 2265 809 2306 omnee

130 2327 303 2407 conjuratos
319 2342 405 2384 nocte
422 2327 584 2395 excubare,
607 2344 642 2384 ne
654 2326 688 2384 ab
705 2343 808 2400 exper-

130 2406 208 2468 tibus
227 2404 344 2466 consilii
365 2403 595 2480 impedirentur3
615 2405 688 2464 forte
710 2421 808 2462 aurem

88 2490 94 2500 '
131 2486 206 2547 alius
221 2485 281 2546 alia
297 2502 385 2544 nocte
398 2486 566 2545 excubabat.
581 2484 680 2560 Itaque
695 2481 724 2539 in
744 2501 808 2558 per·

131 2564 276 2626 mutandis
291 2564 447 2623 stationum
457 2563 581 2629 vicibus,
597 2579 748 2637 ceteroque
758 2580 811 2637 ap-

132 2662 231 2722 paratu
241 2642 416 2719 exequendae
430 2641 489 2708 rei,
510 2643 625 2724 triginta
639 2661 668 2702 et
682 2642 739 2702 duo
750 2640 809 2700 dies

133 2722 255 2786 absumti
271 2730 349 2785 sunt.
362 2720 470 2781 Aderat
485 2741 566 2789 nox,
587 2743 643 2798 qua
664 2718 809 2800 conjurati

133 2801 443 2868 excubare-debebant,
459 2819 557 2864 mutua
571 2800 627 2862 fide
637 2800 693 2861 lati
703 2823 714 2875 ;
726 2799 812 2874 cuiue

132 2883 341 2950 documentum
363 2895 409 2942 tot
427 2878 485 2943 diet
504 2881 629 2944 fiteraut.
648 2879 809 2942 Neminem

640 2976 715 3040 Nn
