2350 3967
208 574 212 581 ἡ
334 460 691 545 trltnvrt.
793 496 846 563 sn

163 636 851 747 strenulttttutttttt

209 788 844 891 transcurrimus,

233 942 237 947 ·
337 952 600 1019 entur
660 956 689 1020 1.

172 1127 233 1288 P
251 1146 392 1221 uuonan
405 1130 477 1194 sieut
492 1134 651 1196 recentibus
659 1131 771 1195 sceleris
784 1131 847 1214 ejut

249 1210 376 1291 vestigris
394 1212 453 1291 jure
470 1212 603 1276 affectum
618 1213 757 1289 supplicio
773 1234 845 1275 ωτι·

169 1307 287 1350 suerent
296 1292 420 1365 milites3
432 1291 469 1351 ita
480 1311 631 1371 postquam
639 1291 759 1351 desierat
766 1312 842 1361 esse,

170 1388 261 1447 quern
283 1369 433 1439 odissent,¹
447 1372 553 1435 invidia
572 1372 603 1431 in
621 1371 846 1434 misericordiam

170 1448 268 1509 vertit.
284 1449 418 1511 Moverat
432 1468 461 1511 et
474 1453 585 1513 claritas
598 1450 730 1530 juvenist
752 1468 782 1511 et
791 1470 845 1527 pa·

168 1527 220 1587 tris
250 1527 310 1607 ejus
331 1546 459 1591 senectus
480 1552 564 1609 arque
586 1530 703 1591 orbitas.
730 1525 845 1589 Primus

166 1606 272 1668 Asiam
283 1627 430 1685 aperuerat
438 1612 498 1695 regi
508 1610 640 1672 omnium
649 1608 844 1689 periculorum

166 1687 231 1766 ejus
255 1689 396 1769 particeps
413 1710 423 1763 ς
451 1708 562 1767 semper
583 1690 706 1750 alterurn
726 1686 758 1748 in
779 1686 844 1768 acic

163 1787 261 1828 cornu
279 1767 442 1830 defenderat
460 1792 469 1831 r
490 1770 624 1849 Philippo
642 1786 756 1848 quoque
773 1785 842 1829 anto

163 1865 272 1908 omnes
291 1850 421 1921 amicust
442 1868 471 1911 et
482 1851 534 1927 ipsi
545 1849 710 1911 Alexandro
725 1865 785 1907 tam
804 1847 842 1906 fi·

163 1926 240 1996 dus,
265 1944 298 1987 ut
314 1928 460 1989 occidendi
480 1931 611 1989 Attalum
629 1946 688 1987 non
704 1926 765 1986 alio
781 1927 841 1985 rni-

162 2006 257 2065 nistro
274 2006 317 2066 uti
330 2009 439 2071 mallet.
451 2008 565 2069 Horum
581 2007 719 2088 cogitatio
730 2006 842 2066 subibat

160 2086 842 2166 exercitum3seditiosaequevocesreferebantut

162 2166 199 2224 ad
218 2185 332 2246 regem.
346 2166 457 2243 Quibus
476 2170 525 2228 ille
537 2166 612 2228 haud
631 2182 698 2227 sane
719 2184 838 2232 motus,

161 2246 288 2322 satisque
298 2247 435 2323 prudens,
447 2248 499 2308 otii
509 2247 577 2308 viria
587 2242 707 2328 negotio
717 2243 839 2311 discuti,

160 2325 269 2392 edicit,
288 2342 319 2383 ut
331 2344 424 2385 ornnes
441 2324 622 2387 investibulo
638 2323 724 2405 regia
733 2340 839 2405 presto

160 2401 305 2480 adforent.
320 2402 405 2483 Quos
426 2408 475 2466 ubi
494 2407 653 2483 Frequenter
669 2404 765 2464 adesse
782 2422 838 2462 co-

160 2484 285 2561 gnovit3
306 2484 336 2543 in
351 2485 523 2545 concionem
535 2485 681 2577 processit.
690 2481 777 2543 Haud
785 2478 840 2539 du·

161 2563 206 2624 bie
215 2584 252 2623 ex
261 2564 427 2641 composito
435 2564 573 2643 Aphanas
580 2563 723 2643 postulare
732 2560 841 2638 coepit,

160 2660 190 2701 ur
210 2639 370 2723 Lyncestes
390 2640 576 2711 Alexander,
596 2640 647 2732 oui
669 2638 752 2701 multo
772 2654 838 2699 ante

159 2740 238 2799 quam
260 2719 395 2781 Philotas
417 2742 508 2803 regem
528 2720 663 2783 volutsset
684 2718 812 2782 occidere
823 2752 843 2787 o·

159 2800 348 2863 exhiberetur.
363 2801 392 2861 A
408 2802 515 2865 duobus
525 2802 683 2871 indicibus,
700 2801 772 2862 sicut
786 2822 848 2869 ειν,

152 2896 205 2967 pra
217 2880 370 2953 diximus,
384 2880 490 2968 delatus
503 2920 513 2954 ‚
525 2882 639 2947 tertium
649 2882 709 2961 jam
725 2900 836 2959 annum

174 2998 178 3001 ·
641 2980 666 3044 F
682 2982 698 3045 f
710 2980 741 3047 is
