2350 3967
331 499 378 534 tos
430 479 456 528 J.
489 480 677 532 FREINSH.
712 477 903 532 supplem

326 564 1012 701 nllnlllllntiillt³llilgssdnifi‘

326 720 389 770 pore
399 733 410 761 ,ν
423 702 502 768 copiis
518 719 574 756 cum
588 703 705 754 Asandro
720 701 801 768 Lydis
816 718 923 767 pretore
941 720 1005 754 con·

324 770 417 838 junctis
431 771 615 822 Orontobatem
631 769 684 822 acie
693 768 809 822 vicitset
822 770 1011 822 Macedonibus-

324 839 363 892 ira
380 839 502 904 taedioque
518 838 681 890 diuturnioris
696 853 795 896 more,
818 837 1006 904 oppugnationi

326 906 420 958 :enter
435 905 648 965 incumbentibus,
668 921 736 956 arces
751 903 778 954 in
790 919 941 968 potestatem
962 922 1006 958 re·
1043 942 1054 947 -

326 977 477 1026 decrerunt.
497 975 534 1026 At
541 989 583 1025 rex
593 971 723 1040 Phrygiam
731 971 936 1038 continentesque
944 989 1008 1037 pro·

326 1041 422 1094 vincite
439 1041 522 1098 animo
546 1042 711 1105 complexus,
733 1038 920 1092 Parmenionem
945 1058 1003 1094 cum

325 1109 461 1162 amicorum
477 1107 564 1160 turmis
580 1123 606 1160 et
621 1105 755 1159 auxiliariis
765 1105 904 1172 equitibus,
923 1107 1004 1160 Thes.

327 1176 433 1242 salisque
458 1175 544 1242 quibus
562 1175 704 1228 Alexander
719 1177 851 1240 Lyncestes
873 1190 978 1239 preerat
993 1211 1009 1238 s

327 1245 418 1296 Sardes
433 1242 533 1304 mitrit3
553 1258 580 1294 ut
600 1245 654 1297 inde
675 1246 701 1294 in
718 1244 853 1311 Purygiam
872 1245 1004 1302 irrueret,

328 1329 475 1380 venturoque
494 1312 610 1364 exercitui
629 1324 825 1364 commentantes
841 1310 957 1379 pabulum
973 1328 1005 1362 em
1089 1311 1094 1316 ’

329 1382 541 1449 horrieopuraret.·
552 1377 619 1429 Data
628 1378 715 1428 adhoc
724 1376 847 1441 plaustra,
861 1392 912 1442 que
927 1375 1006 1430 simul

331 1449 490 1498 ducerentur.
518 1448 581 1496 Cum
607 1445 696 1496 deinde
719 1446 813 1494 multoe
837 1443 1003 1498 Macedonum

327 1517 404 1580 paulo
422 1530 479 1566 ente
494 1529 548 1564 earn
564 1511 748 1577 expeditionem
767 1510 847 1563 ductis
866 1511 1008 1573 uxoribus,
1027 1509 1032 1518 '

329 1582 479 1634 desiderium
490 1596 572 1638 esrum
581 1577 739 1643 impatienter
747 1582 811 1630 ferre
820 1578 983 1646 cognovisset
995 1595 1007 1642 3

327 1649 488 1700 Ptolemaeum
498 1647 593 1699 Seleuci
606 1647 685 1698 filium
699 1647 815 1712 corporis
827 1648 956 1698 custodem
971 1647 1007 1700 iie

328 1716 451 1780 preficit,
466 1717 603 1782 domumque
619 1717 730 1768 deducere
745 1715 834 1778 iussit,
849 1733 904 1768 eum
915 1718 1006 1768 uxori·

328 1785 374 1836 bus
382 1785 564 1853 hyberuaturos.
580 1783 639 1833 Duo
649 1797 745 1847 quoque
759 1799 790 1833 ex
797 1783 901 1834 ducibus
911 1786 1015 1836 Conon,

328 1867 403 1917 atque
418 1851 542 1917 Meleager
556 1850 590 1900 ob
600 1851 711 1901 eumdem
725 1867 820 1901 eausam
834 1851 880 1901 uni
896 1849 1004 1915 profecti

325 1935 392 1970 sunt.
404 1919 434 1970 Id
445 1917 498 1984 regi
508 1933 600 1984 magnes
610 1917 673 1983 apud
683 1915 776 1970 milites
791 1917 1003 1970 commendationi

326 1985 393 2045 fuit,
411 1985 608 2052 promtioresque
625 1985 715 2037 deinde
732 2002 775 2036 eos
792 1987 823 2036 ad
840 1986 1004 2052 longinquam

325 2054 443 2105 militiam
453 2052 580 2110 reddidit,
598 2071 654 2103 cum
664 2053 701 2104 sui
716 2053 837 2106 rationem
845 2053 954 2105 habitam
964 2053 1007 2106 vi·

327 2123 433 2180 decent,
450 2135 622 2184 sperarentque
631 2120 746 2185 deinceps
761 2123 837 2174 etiam
851 2121 881 2171 ad
892 2139 950 2172 suos
963 2121 1005 2172 vi.

326 2189 417 2240 nendos
434 2187 537 2238 subinde
558 2204 722 2240 commeatum
741 2189 916 2256 impetraturos
937 2206 1005 2242 esse.

327 2255 440 2306 Ducibus
449 2253 585 2316 injunctum
600 2272 654 2317 est,
669 2259 820 2317 utinterim,
837 2259 930 2310 dumin
943 2260 1005 2308 Ma·

325 2323 427 2376 ordonio
444 2339 622 2384 morarentur,
644 2341 740 2378 strenue
754 2327 858 2379 delectus
874 2342 890 2376 a
908 2341 976 2378 erent
992 2344 1003 2376 .-

327 2406 474 2459 quuntusque
487 2393 606 2444 munimus
617 2409 713 2461 possent
729 2395 834 2455 equitum
850 2411 879 2460 pe
897 2395 1006 2459 itumque

327 2459 427 2526 copias,
445 2477 499 2511 cum
516 2461 547 2511 iis
569 2462 609 2526 qui
630 2477 683 2512 tum
706 2459 823 2519 adibunt,
839 2461 883 2513 sub
901 2461 1004 2513 initium

328 2528 395 2583 suris
410 2528 562 2578 adducerent.
575 2526 759 2579 Animadverso
773 2541 853 2578 autem
866 2527 1005 2580 exercitum

329 2592 450 2646 Asiaticis
465 2593 576 2644 moribus
589 2593 655 2646 infici
664 2625 674 2655 ,·
691 2610 852 2660 magnamque
866 2595 946 2662 vulgo
959 2610 1008 2660 pes

329 2675 410 2710 castra
426 2660 607 2724 impudicorum
623 2660 806 2713 multitudinem
820 2660 924 2721 haberi,
944 2679 1019 2726 prem.

289 2763 293 2770 .
330 2728 420 2776 brosos
430 2742 514 2779 omnes
523 2728 636 2790 conquiri
644 2727 731 2791 jussit,
742 2741 767 2780 et
777 2728 802 2780 in
810 2747 909 2794 parvam
919 2745 1009 2793 quam·

331 2795 388 2843 dani
402 2794 523 2845 Ceramici
537 2793 605 2846 sinist
619 2794 722 2847 insulam
735 2795 868 2861 reposuits
885 2795 1005 2862 haesitque

329 2859 431 2911 infamia
443 2861 504 2912 loco
513 2897 526 2922 ,Δ
536 2879 564 2916 et
576 2864 674 2932 ob.ejue
684 2862 724 2918 rei
730 2863 876 2933 memoriam
888 2864 1020 2924 Cimo„

330 2926 398 2994 polis
409 2929 555 2997 appellatur.¹
