2350 3967
84 145 89 332 l
165 355 167 359 ,

346 397 538 504 niuea
585 391 670 478 tri·
784 431 841 480 ar

84 447 87 582 l
156 515 200 574 bis
211 561 219 582 ,
232 513 304 574 vitre
317 513 447 590 necisque
458 513 576 574 omniurn
587 514 688 574 civium
699 514 836 589 dominus,

84 595 85 610 ³
158 613 225 653 tave
241 590 428 652 obliuiscaris
445 592 653 672 inputaturus,
676 593 706 653 in
722 615 771 674 quo
788 617 838 658 ac·

159 671 229 750 ripis
239 691 363 750 regnum
370 689 382 742 ;
395 670 476 732 immo
488 670 618 742 hercule,
629 689 835 752 propterquam.

159 751 281 810 Somnio
293 751 396 812 similis
410 771 452 811 res
463 750 662 810 Abdolomino
672 752 848 816 videbatur:-

160 829 330 896 iserdum,
353 829 463 888 satisne
483 827 547 888 suni
568 844 690 899 essent,
712 830 757 908 qui
778 851 834 893 tam

157 921 281 987 proterve
293 906 352 966 sibi
364 906 526 976 illuderent,
540 911 767 984 percontabatur.
779 911 834 972 Sed

160 1004 189 1046 ut
199 987 348 1046 cunctanti
364 987 479 1063 squalor
491 987 601 1048 ablutus
611 1005 670 1060 est3
688 1004 718 1048 et
729 989 833 1066 iniecta

159 1067 240 1127 vestis
250 1085 379 1142 purpura
395 1085 521 1142 auroque
533 1066 676 1136 distincta,
695 1087 724 1127 et
735 1069 803 1130 fides
814 1081 845 1130 a'¹

159 1143 316 1222 jurantibus
327 1145 403 1204 lacta
414 1167 423 1216 3
437 1146 510 1204 serio
522 1145 579 1222 jam
591 1163 655 1214 tex,
669 1147 766 1207 iisdem
778 1169 831 1208 co·

160 1223 326 1284 mirantibus
338 1263 348 1292 ‚
365 1225 394 1282 in
407 1224 514 1302 regiam
525 1224 663 1300 pervenit.
675 1223 763 1285 Fama
775 1245 834 1303 „ut

159 1303 251 1372 solet,
269 1319 384 1362 strenue
400 1320 460 1361 tota
470 1305 539 1362 urbe
550 1303 677 1362 discurrit
688 1327 696 1362 ε
709 1306 833 1366 aliorum

158 1381 306 1449 cnidium,
335 1382 460 1440 aliorum
486 1381 643 1462 indignatio
668 1383 833 1446 eminebat:

158 1461 310 1522 ditissimus
323 1459 440 1538 quisque
452 1459 684 1537 humilitatemque
695 1460 833 1541 inopiam-

158 1549 207 1616 que
224 1541 288 1618 ejus
304 1541 380 1616 apud
399 1539 507 1598 amicos
524 1540 679 1598 Alexandri
697 1541 833 1602 crimina-

158 1623 247 1681 batur.
259 1615 387 1677 Admitti
401 1637 460 1676 eunt
471 1637 520 1677 rex
531 1618 741 1696 protinusjussit
752 1643 761 1693 3
772 1621 835 1682 diu-

157 1719 210 1774 que
228 1699 466 1774 contemplatus,
488 1695 632 1778 corporis,
650 1698 762 1776 inquit,
779 1698 845 1759 lta-'

157 1777 229 1837 litus
242 1773 337 1852 furate
352 1774 466 1856 generis
484 1795 536 1834 aaa
554 1795 708 1855 repugnat.-
722 1777 773 1839 sed
792 1777 844 1838 li·'

157 1856 198 1917 det
214 1857 317 1924 scire,
342 1853 462 1929 inopiam
480 1863 532 1932 pua
546 1855 682 1934 patientia
701 1855 832 1916 tuleris?

156 1937 232 1997 Tum
250 1935 328 2004 ille,
350 1933 477 2001 utinam,
497 1933 610 2011 inquit,
630 1933 722 1994 eodem
740 1934 833 1994 animo

155 2033 268 2094 regnum
292 2014 353 2084 nati
370 2011 487 2093 passim.
506 2007 560 2073 Ha
581 2031 679 2072 manus
699 2009 833 2092 sufficere

155 2093 297 2155 desiderio
317 2114 378 2152 tneo
397 2118 407 2152 .·
425 2090 497 2152 ailzil
516 2090 627 2152 laedenti
644 2090 716 2152 niltil
733 2090 846 2169 defuit(

155 2177 267 2254 Magnae
287 2173 396 2234 indolis
413 2173 557 2246 specimen
573 2193 610 2232 ex
624 2171 681 2232 hoc
699 2185 832 2233 sermone

155 2253 346 2315 Abdolomini
366 2252 453 2328 cepit.
473 2253 594 2328 ltaque,
612 2269 670 2311 non
687 2247 832 2312 Stratonis

154 2333 239 2394 modo
254 2331 369 2412 regiam
387 2327 585 2409 supellectilem
601 2328 717 2390 attribui
734 2330 760 2391 ei
776 2331 833 2406 jusf

154 2416 205 2486 sit3
219 2411 273 2472 sed
290 2411 428 2492 pleraque
440 2409 524 2468 etiam
537 2425 571 2484 ex
583 2407 699 2468 Persica
713 2408 807 2489 prada
821 2434 832 2467 .-

153 2495 300 2575 regionem
324 2491 527 2568 quoque·ttrbi
549 2489 707 2566 appositam
728 2486 833 2546 ditioni

153 2575 211 2650 ejus
230 2573 347 2649 adjecit.
373 2571 487 2630 Interea
511 2571 669 2642 Amyntas,
691 2565 833 2641 quemad

151 2652 243 2714 Persas
256 2655 292 2712 ab
304 2648 481 2712 Alexandro
492 2645 807 2728 transfiugisse‘diximus
820 2666 831 2716 ς

152 2737 217 2795 cuni
234 2751 363 2812 quatuor
380 2727 510 2788 millibus
528 2725 719 2792 Graec'orum,
739 2726 843 2802 ipsum'

151 2823 185 2874 ex
194 2816 253 2878 acie
264 2810 446 2893 persecutis,
461 2805 532 2888 luga·
544 2805 678 2882 Tripolin
689 2805 831 2966 pgvenit.
