2350 3967
368 480 426 546 44⁶
545 465 875 547 acuarit

368 570 433 631 fitiis
448 566 536 638 adiit,
556 567 582 627 si
594 566 711 648 pretium
723 567 797 649 operi
816 582 909 661 esset,
933 565 1047 635 aditum

366 670 397 711 se
415 665 629 709 monstraturum
649 668 711 709 etse
730 666 913 727 promittens.
938 670 1046 709 cxxx

365 726 470 789 talenta
488 728 637 793 constituit
654 727 783 793 daturum
799 729 988 802 Alexandet3
1011 748 1047 789 et

364 810 456 871 altero
467 808 667 887 etc-juvenibus
683 809 780 869 obside
790 826 927 877 retento,
945 810 1044 887 ipsura

364 890 400 950 ad
409 888 572 967 exequenda
583 928 594 957 ‚
605 910 666 965 quae
678 888 840 957 obtulerat,
851 888 973 953 dimisit.
986 888 1046 948 Le-

365 971 438 1033 vitet
446 970 560 1028 armatis
569 968 626 1041 dux
634 968 714 1027 datus
724 986 765 1027 est
776 969 937 1037 Melissus,
951 970 1045 1029 scriba

363 1050 447 1130 regis.
469 1048 533 1109 Hos
548 1046 629 1107 enim
644 1047 818 1115 circumitu,
838 1050 891 1125 qui
908 1049 1044 1111 fallerent

365 1128 500 1197 hostem,
517 1128 546 1187 in
558 1148 703 1189 summum
714 1126 814 1208 jugum
825 1130 963 1205 placebat
976 1148 1043 1191 eva-

364 1210 442 1274 dere.
457 1208 614 1269 Petason
627 1226 662 1267 'ut
676 1204 841 1283 pleraeque,
863 1208 993 1269 modicis
1009 1228 1042 1269 ac

365 1288 592 1351 mollibuscl-ivis
599 1287 629 1347 itt
639 1287 758 1347 sublime
764 1286 913 1368 fastigium
922 1289 1042 1359 crescit;

366 1370 414 1431 sed
434 1370 462 1428 in
481 1387 565 1428 mete
580 1366 709 1427 maxime
725 1366 847 1429 medum
864 1386 967 1429 erecta
979 1388 1040 1431 est:

365 1450 445 1527 cujus
456 1447 515 1507 ima
529 1447 694 1525 spatiosiora
708 1458 793 1514 suut,
813 1447 919 1507 altiora
931 1450 965 1509 in
980 1469 1043 1509 arc.-

364 1530 420 1591 tius
437 1526 562 1595 coeunt,
584 1546 695 1587 summa
713 1526 743 1585 itt
761 1542 880 1595 acumm
900 1548 1043 1589 cacumen

364 1625 516 1689 exurgunt.
528 1607 647 1666 Radices
662 1606 724 1681 ejus
735 1604 818 1666 Indus
831 1608 927 1667 amnis
948 1609 1041 1675 subit,

362 1690 494 1766 praealtus
508 1686 651 1762 utrimque
668 1685 770 1765 asperis
786 1685 878 1763 ripis:
896 1688 934 1748 ab
952 1690 1042 1749 altera

362 1785 443 1847 parte
457 1767 608 1845 voragines
622 1764 785 1842 eluviesque
801 1770 952 1844 preruptae
968 1784 1043 1829 sunt.

364 1847 431 1907 Nec
441 1846 497 1906 atta
507 1842 688 1923 expugnandi
698 1845 889 1921 patebatvia,
909 1868 1003 1925 quam
1012 1862 1044 1906 ut

364 1927 548 2006 replerentur.
566 1924 612 1987 Ad
631 1942 749 1985 martum
762 1925 834 1989 siiva
844 1942 928 1996 etat,
942 1948 1043 2005 ‘quam

363 2028 416 2068 rex
427 2006 467 2065 ita
479 2003 549 2065 coedt'
561 2003 655 2079 jussit,
672 2020 701 2062 ut
711 2001 778 2081 nudi
790 2002 905 2083 stipites
913 2006 1045 2085 jaceren-

364 2105 411 2146 tur
426 2086 552 2161 :quippe
558 2084 631 2143 rami
641 2082 741 2143 ftottde
751 2084 843 2145 vestiti
853 2084 1044 2164 impedissent

363 2162 827 2241 fetentes.1pseptittutstruttcaru
845 2166 985 2226 arborem
998 2166 1058 2257 je-'

360 2244 424 2316 cit3
443 2244 611 2321 clamorque
629 2243 766 2304 exercitus
780 2242 866 2305 index
884 2245 1044 2314 alacritatts

361 2339 472 2385 secutus
480 2342 539 2391 est,
550 2322 633 2383 nulio
643 2322 814 2383 detrectante
823 2344 949 2393 munus,
964 2326 1042 2403 quod

363 2424 416 2468 rex
432 2420 606 2479 occupasset.
625 2404 701 2469 Intra
719 2402 875 2480 septimum
891 2405 972 2465 diem
990 2426 1041 2465 ca·
1096 2418 1097 2469 t

364 2483 677 2559 vernascupleverants
693 2502 760 2541 cum
772 2502 822 2548 tex
837 2485 1001 2565 sagittarios
1012 2502 1042 2545 et
1096 2500 1097 2537 t

364 2562 508 2653 Agtiapos
524 2562 662 2639 jubetper
677 2560 762 2622 ardua
777 2560 842 2625 niti.
855 2565 1039 2642 „iuuenesque
1096 2584 1097 2643 ᾗ

363 2641 616 2721 promtissimosett
629 2662 677 2701 sua
690 2639 810 2701 cohorte
825 2662 845 2702 x
854 2664 905 2703 xx
922 2644 1040 2725 delegit.

363 2722 462 2782 Duces
478 2715 521 2779 his
532 2721 588 2780 dati
604 2739 667 2781 sunt
684 2718 794 2780 Charus
810 2740 838 2781 et
850 2722 1046 2799 Alexandet3·

362 2820 450 2875 quem
466 2820 517 2859 rex
527 2798 667 2869 nominis,
688 2797 756 2877 quod
768 2798 901 2861 sibi'cttm
917 2822 949 2863 eo
962 2821 1036 2861 coru-

361 2897 445 2956 utut
457 2898 566 2951 esset,
587 2878 747 2950 admonuit.
767 2880 814 2951 As
831 2883 953 2962 primo,
973 2883 1037 2971 quia
