2350 3967
367 441 558 508 LIBER
598 445 693 508 111.
814 459 872 533 ‘¹43'

176 559 246 608 rtem
262 561 279 615 ,·
293 545 356 624 jum
372 544 528 618 tarutius,
546 563 594 606 aut
606 563 801 630 expugnatas,
822 568 873 622 aut

172 624 207 686 t'u
223 622 327 704 fldem
354 644 482 709 acceptus
495 645 509 698 ;
537 625 701 704 omniaque,
724 647 785 706 qun
803 647 875 709 part¹

172 721 221 763 tet
245 725 296 764 um
315 721 423 776 erunt,
442 723 554 774 strata,
573 702 730 784 etpedibus
749 706 760 763 i
778 727 871 768 sorum

172 802 211 842 su
227 783 314 861 jecta
323 787 516 846 memorabat.
529 785 608 844 Cum
618 784 722 844 adierat
761 807 868 860 raec0s;

170 863 387 934 adrnoneban
408 861 442 924 ab
457 861 638 942 iis-gentibus
652 861 731 924 illata
743 861 869 926 Gtucioe

170 939 257 1002 belia
270 941 363 1004 Darii
373 943 479 1034 prius,
500 939 601 1004 deinde
614 937 723 1002 Xerxis
740 942 866 1004 insolen-

171 1021 219 1080 tia
231 1061 243 1091 ‚
260 1041 362 1102 aquam
374 1041 464 1101 ipsam
480 1039 637 1100 terramque
646 1020 864 1100 postulantium:

166 1119 206 1159 ut
219 1099 443 1180 mequefontium
454 1100 601 1170 haustum,
617 1121 666 1160 nee
676 1098 774 1162 solitos
786 1101 864 1164 cibos

170 1178 388 1256 relinquerent.
403 1181 482 1240 Dein
500 1179 596 1242 Derim
613 1178 713 1259 templa
726 1180 817 1240 ruinis
834 1200 864 1242 et

168 1257 298 1336 ignibus
317 1279 381 1322 esse
397 1258 487 1319 deleta
500 1301 510 1328 ‚
523 1257 601 1318 urbes
620 1279 710 1318 eorum
721 1280 864 1340 expugna·

171 1353 225 1396 tas
240 1381 251 1407 ,
261 1336 375 1414 frederu
392 1337 502 1398 humani
518 1338 658 1411 divinique
667 1337 739 1414 juris
758 1338 862 1400 uiolata

169 1418 335 1482 referebat.
350 1420 465 1494 illyrios
480 1439 551 1480 veto
566 1437 595 1478 et
608 1417 757 1486 Thracas,
778 1439 862 1495 rapto

168 1497 275 1560 vivere
293 1518 421 1558 assuetos
437 1537 448 1567 ‚
472 1499 560 1562 aciem
575 1495 694 1556 hostium
705 1516 777 1569 ¹uuto
789 1517 859 1577 pur-

162 1593 300 1657 -puruque
316 1575 476 1656 fulgentem
499 1575 602 1636 intueri
626 1575 763 1655 jubebat,
784 1596 860 1656 pru·

167 1653 263 1724 dam,
289 1677 346 1716 non
367 1675 443 1716 arma
453 1673 622 1735 gestantem.
635 1651 735 1724 irent,
757 1656 858 1716 etim·

165 1731 295 1795 bellibus
307 1733 433 1811 feminis
448 1757 542 1796 autum
557 1733 616 1796 uiri
631 1735 781 1815 eriperent.
792 1733 857 1796 As-

163 1831 242 1893 pera
259 1813 395 1874 montium
412 1834 522 1875 suorum
532 1817 624 1894 juga,
642 1813 779 1894 nudusque
793 1814 856 1875 tui·

165 1891 243 1964 ies,
276 1911 305 1952 et
332 1910 462 1975 perpetuo
486 1893 610 1972 rigentes
635 1892 723 1972 gebu,
749 1891 857 1954 ditibus

165 1971 326 2034 Persarum
343 1972 448 2051 campis
465 1973 598 2052 agrisque
615 1989 760 2033 mutarent,

207 2053 306 2116 Car.
322 2051 383 2112 XI.
399 2054 467 2119 Jam
480 2053 514 2114 ad
530 2052 580 2112 teli
592 2051 697 2129 jactum
709 2069 852 2130 pervene-

162 2149 234 2194 rant
253 2171 265 2202 ‚
290 2153 360 2193 cum
381 2132 530 2195 Persarum
548 2132 654 2210 equites
671 2131 804 2192 ferociter
818 2135 850 2192 in

160 2214 273 2274 laevum
286 2232 378 2274 cornu
390 2211 517 2272 hostium
527 2211 632 2274 invecti
644 2230 722 2272 sunt.
729 2209 847 2290 Quippe

160 2293 272 2354 Darius
288 2291 414 2370 equestri
425 2292 531 2368 proelio
541 2291 691 2352 decernere
703 2295 818 2370 optabat
830 2335 846 2363 ,

158 2373 341 2453 phalangem
349 2371 534 2432 Macedonici
542 2371 681 2432 exercitus
691 2375 777 2432 robur
785 2392 845 2432 esse

157 2453 342 2531 conjectans.
364 2451 491 2527 Jamque
513 2451 602 2510 etiam
620 2451 749 2512 dextrum
770 2451 847 2510 Ale·

155 2533 258 2592 atandri
270 2552 366 2593 cotnu
382 2531 596 2592 cucurriunt.
610 2529 699 2608 Quod
710 2531 759 2588 ubi
778 2530 845 2588 Ma-

155 2611 234 2674 cedo
252 2611 433 2690 conspexir3
457 2609 565 2670 duabus
582 2610 634 2669 alis
657 2607 785 2688 equitum
807 2605 847 2667 ud

149 2693 250 2772 jttgum
264 2691 373 2752 montis
390 2688 472 2767 jussis
488 2687 662 2756 subsistere,
684 2705 794 2748 ceteros
810 2687 841 2748 in

152 2773 283 2832 medium
304 2770 378 2832 belli
399 2767 554 2838 discrimen
572 2786 683 2828 strenue
700 2767 845 2832 transfert.

152 2851 303 2916 Subductis
321 2847 432 2914 deinde
444 2867 484 2910 ex
498 2849 558 2910 acie
574 2846 718 2908 Thessalis
735 2849 839 2928 equiri-
