2350 3967
320 439 382 500 468
504 432 547 513 Q.
578 430 830 503 'CURTil

317 539 357 601 irs
378 532 449 597 solis
468 532 599 613 regiaque
617 527 725 593 Xerxis
748 531 885 627 respicere
907 533 1002 597 coemi

315 630 429 678 essent.
451 614 567 674 Postero
586 610 633 673 die
651 608 766 689 Lycio,
787 612 918 683 itineris,
940 636 999 692 quo

323 695 467 759 Persidem
487 692 667 757 intraverat,
689 692 783 762 duci,
805 712 869 755 xxx
891 694 1001 755 talenta

320 776 401 836 dono
410 773 498 835 dedis.
509 770 588 831 Hine
599 772 628 831 in
640 772 789 850 regionem
803 770 907 835 Mediae
919 791 999 833 tran·

319 856 390 922 siit,
406 853 455 913 ubi
465 850 693 931 supplementum
710 870 856 912 novorum
866 851 998 917 militum

320 955 338 995 e
355 932 459 994 Cilicia
477 928 611 990 occurrit.
628 928 757 989 Peditum
772 946 854 991 erant
869 931 997 1008 quinque

319 1012 412 1073 millia
423 1048 433 1080 ‚
444 1010 551 1087 equites
561 1007 642 1067 mille
652 1030 662 1069 e
673 1009 796 1086 utrisque
805 1008 890 1070 Plato
901 1008 997 1071 Athe·

239 1133 241 1136 -
318 1092 424 1153 niensis
432 1102 560 1181 preerat.
570 1084 625 1149 His
636 1084 726 1166 copiis
737 1087 996 1161 summarium

318 1190 450 1251 persequi
462 1183 568 1229 statum.
839 1208 841 1213 -

362 1251 451 1312 Cur.
465 1246 548 1309 V111.
562 1244 616 1305 llle
626 1243 684 1323 jam
694 1244 837 1307 Ecbatana
849 1266 993 1325 pervene-

318 1350 364 1397 rat
374 1345 460 1407 caput
472 1324 585 1387 Mediae.
597 1324 710 1385 Urbem
721 1324 796 1387 hanc
804 1346 883 1389 nunc
894 1344 995 1389 tenent

318 1409 438 1477 Parthi,
459 1423 550 1483 eaque
567 1404 660 1465 aestiva
678 1406 823 1485 agentibus
840 1404 920 1467 sedes
939 1424 994 1471 est.

317 1492 408 1555 Adire
424 1484 523 1549 deinde
537 1482 639 1543 Bactra
656 1482 836 1546 decreverat:
847 1486 897 1546 sed
912 1486 992 1548 veris

317 1590 383 1640 rus,
407 1585 444 1626 ne
455 1562 599 1626 celeritate
610 1562 766 1624 Alexandri
783 1584 993 1643 occuparetur,

316 1646 471 1713 eonsilium
488 1642 597 1718 iterque
617 1642 751 1706 mutavit.
773 1642 884 1705 Aberat
899 1647 935 1705 ab
954 1665 993 1705 eo

316 1724 481 1791 Alexander
498 1719 584 1781 studia
599 1740 647 1781 sen
658 1742 669 1796 3
681 1720 729 1781 sed
747 1721 805 1798 iam
817 1724 934 1785 nulium
944 1725 992 1784 in-
1085 1730 1086 1737 ’

314 1805 469 1873 serranum
496 1800 627 1861 adversus
646 1800 821 1863 celeritatem
840 1803 902 1883 ejus
924 1804 992 1865 satis
1085 1802 1086 1849 ξ

314 1891 439 1970 longum
455 1879 612 1944 videbatur.
634 1878 733 1957 ltaque
770 1880 849 1943 raelio
866 1882 991 1965 magis,
1085 1920 1086 1930 ι

315 1988 403 2049 quarn
414 1963 487 2043 fugae
498 1980 527 2031 se
538 1960 721 2050 preparubat.
735 1902 806 2023 >dxx
824 1961 918 2023 millia
935 1982 991 2039 pe·

313 2050 406 2110 ditum
423 2041 631 2119 sequebantur,
651 2040 798 2115 :siquibus
816 2038 990 2103 Graecorum

304 2140 396 2189 ,mm
409 2136 531 2207 quatuor
545 2116 662 2188 millies,
680 2116 735 2179 fide
748 2139 816 2201 erga
833 2140 935 2202 regem
953 2121 990 2183 ad

312 2203 448 2267 ultimum
465 2197 583 2269 inmota,
600 2192 789 2273 Funditorum
803 2219 919 2278 quoque
929 2219 946 2271 ,·
960 2218 991 2263 et

312 2279 524 2367 sagittariorum
536 2282 638 2335 manus
652 2294 773 2355 quatuor
783 2278 878 2349 millia
888 2281 991 2357 exple·

307 2380 419 2429 ‚ueram
436 2372 536 2437 praeter
551 2352 605 2414 hos
624 2374 666 2414 111
681 2355 774 2433 miliia
789 2376 887 2419 etccc
908 2360 989 2437 equi-

304 2462 356 2507 ,κς
371 2455 473 2508 etant,
494 2434 622 2495 maxime
639 2434 866 2505 Bactrianorum.
888 2438 989 2501 Bessus

311 2536 449 2605 praeerat,
468 2513 623 2578 Bactrianae
632 2514 707 2575 urbis
723 2535 753 2577 re
776 2516 905 2597 'orisque
916 2536 989 2597 prae·

268 2646 275 2654 -
307 2606 413 2665 iectus.
434 2596 512 2657 Cum
531 2592 596 2681 hoc·
609 2592 731 2675 agmine.
776 2596 849 2671 arius
865 2598 987 2677 paulum

312 2676 467 2743 declinarit
476 2672 524 2735 via
534 2671 671 2743 miurari,
687 2670 767 2753 jussis
776 2674 934 2752 precedere
945 2677 985 2735 ii·

309 2760 356 2821 xis
374 2753 645 2834 impedimentorum
660 2751 833 2817 custodibus.
850 2752 985 2823 Consilio

307 2835 412 2910 deinde
428 2833 571 2901 advocato
585 2852 595 2891 s
609 2827 636 2891 si
652 2850 695 2895 me
710 2850 772 2896 curs
785 2830 925 2919 ignaris,
937 2834 985 2903 int
