2350 3967
332 454 395 524 '4r‘4'
513 443 556 526 Q.
597 443 679 506 CU
696 441 723 505 R
742 443 772 506 Τ
789 441 839 506 11

332 549 365 612 in
381 544 575 608 Macedonum
591 562 681 607 castra
697 545 846 624 pervenit,
867 539 1020 608 nuntiati-

352 647 389 689 ue
404 626 571 686 Alexandro
588 626 688 705 jubet,
710 644 793 695 erse,
813 644 875 703 quae
889 645 928 686 ex
946 624 1018 706 ipsa

330 650 440 767 itiner
457 725 637 794 cognoscere.
649 705 703 765 Ille
718 702 846 785 protinus
860 703 1018 766 barbaram

330 785 412 866 jussit
429 782 554 848 admitti.
575 783 676 862 Quam
693 801 726 845 ut
742 804 885 865 aspersam
904 803 1017 844 cruore

329 864 587 944 conspexit,ratns
597 863 631 924 ad
642 863 845 944 deplorandam
855 881 1018 924 contume-

330 944 544 1014 liamvenirre,
561 941 656 1004 dicere
667 963 726 1024 quae
737 941 840 1011 veliet,
857 943 950 1022 jubet.
966 941 1018 1003 At
1097 1017 1098 1024 ἵ

330 1025 385 1086 illa
399 1043 527 1093 sertum,
542 1044 629 1103 quern
641 1039 713 1084 stare
727 1023 909 1085 investibulo
923 1022 1018 1100 jusse-

328 1120 396 1169 rat,
410 1099 551 1163 introduci
567 1102 745 1168 desideravit.
761 1101 822 1180 Qui
836 1102 904 1180 quia
921 1117 1018 1180 caput

328 1182 503 1262 Spitamenis
515 1200 594 1245 veste
608 1199 716 1244 tectum
727 1181 868 1255 habebar}
891 1202 1014 1261 snspen-

331 1261 594 1333 tumentibus,
612 1262 678 1340 quid
691 1263 855 1331 occuleret,
873 1261 1016 1326 ostendit.

332 1342 510 1404 Confuderat
533 1341 591 1402 oris
610 1341 757 1424 exsanguis
779 1359 861 1402 notas
880 1341 977 1419 pallor
999 1376 1014 1410 ,

332 1442 390 1484 nec
404 1422 466 1500 quis
484 1438 578 1490 esset,
600 1421 679 1481 nosci
699 1421 764 1481 satis
782 1437 906 1500 poterat.
928 1419 1013 1500 Ergo

246 1569 250 1576 ,
331 1521 386 1564 rex
407 1499 512 1562 certior
530 1499 621 1561 factus
638 1497 784 1560 humanum
804 1517 887 1579 caput
908 1495 1015 1579 afferre

333 1578 1013 1657 eum,nbemaculoexcessit,percontatusque

247 1717 250 1722 .
333 1657 401 1739 quid
411 1658 452 1721 tei
463 1657 532 1719 rit?
546 1658 599 1718 illo
609 1656 760 1736 profitente
771 1658 933 1741 cognoscit.
944 1656 1013 1720 Va-

332 1737 382 1801 riae
396 1736 465 1799 hinc
475 1737 664 1817 cogitationes
679 1736 804 1800 invicem
818 1738 953 1801 animum
963 1736 1013 1798 di·
1097 1797 1098 1804 ,

333 1835 416 1878 verra
437 1817 594 1897 agitantem
618 1834 847 1879 commoverant.
870 1817 1015 1880 Meritum

334 1895 435 1976 ingens
445 1897 474 1957 in
484 1913 574 1957 semet
588 1914 648 1961 esse
662 1897 810 1969 credebat,
828 1896 906 1975 quod
917 1915 1023 1959 tranr.

333 1976 402 2067 fuga
413 1976 598 2055 etproditor,
614 1975 698 2038 tantis
711 1981 812 2047 rebus,
830 1975 853 2038 si
865 1976 989 2040 vixisset
1003 2013 1015 2046 ‚

334 2055 489 2133 injecturus
504 2076 636 2126 moram,
654 2055 816 2118 interfectus
827 2073 922 2118 esset:
936 2076 1015 2118 con·
1096 2103 1097 2116 ,

334 2133 499 2195 trafacinns
508 2135 608 2226 ingens
617 2139 814 2206 aversabatur,
823 2156 891 2197 curn
901 2133 1016 2215 optime
1096 2153 1097 2166 ¹

333 2212 470 2273 meritum
487 2212 522 2272 de
540 2235 623 2291 ipsa,
645 2216 845 2276 communium
859 2233 1016 2294 parentent

334 2292 511 2361 liberorum,
529 2312 579 2370 per
594 2293 706 2355 insidias
716 2294 916 2357 interemisset.
931 2293 1017 2358 Vicit

335 2390 432 2434 tamen
448 2372 569 2451 gratiam
585 2373 701 2444 meriti,
720 2374 832 2434 sceleris
849 2373 1012 2444 atrocitas,
1095 2365 1096 2388 ¹

333 2451 548 2530 denuntiarique
561 2451 662 2531 jussit,
680 2469 711 2515 ut
724 2452 872 2514 excederet
888 2451 1014 2526 casrrirt

333 2551 388 2592 neu
405 2528 529 2592 licentia
545 2529 667 2592 barbare
685 2529 825 2612 exemplar
842 2531 874 2594 in
890 2530 1012 2594 Gratt-

336 2631 398 2670 rum
418 2630 528 2680 morer,
551 2627 579 2670 et
600 2609 681 2670 mitia
699 2609 816 2691 ingenia
835 2609 1014 2688 tranrferret·
1094 2629 1095 2690 Q

337 2689 1013 2770 DahaeSpirameniscaedecomperttDatapher-
1094 2691 1095 2724 ³

335 2787 414 2837 nen,
429 2768 595 2829 defectionis
606 2768 666 2842 eius
675 2770 844 2848 participem
856 2810 867 2840 ‚
880 2772 1011 2832 vinctum
1093 2781 1094 2784 ’

336 2845 504 2910 Alexandro
515 2869 599 2929 seque
610 2847 725 2914 dedunt.
734 2849 787 2912 Ille
802 2849 935 2914 maxima
945 2869 1014 2932 prata
