2350 3967
329 479 522 559 uranu
560 495 690 565 viru
784 495 850 576 au·
947 455 952 468 ’

150 598 260 671 ¹eriam
280 596 312 658 in
330 610 407 658 recta
427 599 553 659 saevirum
575 616 628 662 esr.
650 597 719 659 inde
738 593 851 661 domita

163 679 295 758 ignobili
306 687 412 760 gente,
426 677 460 737 ad
471 679 580 755 Nysam
593 681 692 739 urbem
704 679 846 757 pervenit.

162 748 261 821 Forte
278 759 376 818 casinis
390 763 457 818 ante
475 759 582 818 moenia
600 758 657 834 ipsa
679 758 709 817 in
726 756 846 818 silvestri

162 839 240 900 loco
256 837 376 916 posius,-
401 851 573 897 nocturnum
588 837 674 920 frigus
687 837 846 898 vehemen-

161 919 225 980 tius
244 938 334 996 quam
352 915 421 976 alias
440 915 560 976 horrore
582 938 703 994 corpora
723 916 845 987 adiecit,

163 1005 424 1076 opportunumque
446 997 602 1056 remedium
622 997 696 1078 ignis
716 997 846 1057 oblatum

164 1095 223 1139 est.
241 1076 330 1138 Carris
338 1076 442 1154 quippe
451 1077 528 1137 silvis
538 1075 686 1138 flammam
698 1077 844 1138 excitave-

163 1166 238 1218 iunt
253 1173 263 1217 r
276 1178 339 1235 quae
358 1156 418 1236 igni
437 1155 505 1216 alita
524 1157 730 1234 oppidanorum
748 1155 844 1234 sepul·

162 1236 240 1298 chra
266 1235 493 1312 comprehendit.
520 1237 640 1298 Vetusta
664 1235 748 1296 cedro
769 1235 845 1299 facta

165 1333 274 1386 erant,
294 1328 523 1394 conceptumque
539 1316 637 1398 ignem
653 1315 711 1374 late
725 1313 843 1387 fudere;

163 1396 266 1457 donec
280 1395 380 1456 omnia
391 1396 454 1454 solo
466 1414 573 1471 aequata
585 1413 658 1456 sunt.
675 1393 712 1452 Et
727 1413 762 1455 ex
775 1395 846 1454 urbe

162 1477 297 1556 primum
307 1493 411 1541 canum
424 1475 559 1545 latratus,
576 1475 676 1534 deinde
689 1473 776 1534 etiam
789 1471 846 1532 ho·

162 1557 285 1617 minum
300 1553 428 1614 fremitus
439 1552 549 1615 auditus
558 1572 611 1616 est.
626 1554 705 1615 Tum
719 1569 747 1613 er
762 1552 846 1632 oppi-

165 1634 238 1695 dani
248 1633 381 1704 hostem3
395 1649 425 1693 et
435 1634 608 1696 Macedones
618 1633 692 1710 ipsos
701 1633 734 1692 ad
745 1636 845 1694 urbem

165 1714 284 1776 venisse
298 1731 487 1792 cognoscunt.
498 1713 620 1792 Jamque
631 1714 692 1774 Rex
710 1713 846 1774 eduxerat

164 1794 287 1872 copias,
298 1809 329 1858 et
337 1792 440 1851 moenia
452 1793 614 1865 obsidebar;
627 1815 692 1853 cum
702 1791 844 1862 hostium,

163 1874 216 1953 qui
225 1873 377 1932 discrimen
385 1887 579 1942 tentaverant,
594 1875 686 1934 obruti
696 1875 758 1932 telis
768 1889 842 1932 sunt.

163 1952 246 2016 Aliis
262 1967 335 2033 ergo
350 1950 522 2011 deditionem
538 1973 548 2024 3
571 1953 633 2012 aliis
648 1973 772 2034 pugnam
791 1971 845 2010 ex-

163 2033 255 2112 periri
269 2034 419 2110 placebam
434 2047 557 2106 quorum
569 2031 743 2092 dubitatione
759 2050 845 2088 com·

77 2170 78 2173 ,
163 2130 247 2192 perra
259 2108 456 2172 circumsideri
469 2126 575 2170 rantum
585 2129 653 2180 eor,
673 2123 701 2170 er
711 2105 845 2169 abstineri

164 2190 292 2252 caedibus
304 2190 393 2264 iussit.
408 2189 597 2266 Tandemque
613 2189 766 2250 obsidionis
780 2209 843 2249 ma-

163 2273 202 2332 ris
212 2270 327 2350 fatigati
339 2268 469 2329 dedidere
479 2287 521 2329 se.
536 2267 675 2330 Adsiduo
691 2287 766 2348 parre
779 2289 847 2328 cort*

132 2402 136 2408 ,
162 2349 292 2411 ditasse
310 2367 373 2408 erse
387 2349 537 2421 dicebant;
558 2368 587 2410 et
602 2369 668 2411 vera
687 2349 745 2409 haee
760 2349 843 2429 origo

162 2447 237 2492 erat.
257 2427 321 2489 sita
335 2445 378 2488 est
390 2430 441 2488 sub
457 2429 595 2490 radicibus
609 2429 734 2496 montis,
757 2447 844 2503 quem

162 2508 269 2571 Meron
282 2508 387 2568 incolae
399 2509 556 2584 appellant.
571 2507 640 2569 inde
655 2506 750 2567 Graeci
764 2527 846 2564 men·

161 2587 254 2650 tiendi
267 2604 379 2648 traxere
391 2586 559 2657 licentiam,
578 2585 661 2650 deris
670 2583 779 2664 femine
791 2581 845 2644 Li·

162 2667 261 2728 derum
268 2683 381 2746 patrem
391 2685 454 2724 esse
465 2665 591 2727 reiorum.
602 2667 665 2728 Rex
675 2669 728 2726 situ
739 2664 845 2726 montis

161 2749 286 2828 cognito
309 2765 347 2807 ex
364 2745 492 2811 ineolis,
515 2767 582 2808 cum
604 2763 667 2807 toro
689 2744 814 2806 exercitu
832 2784 843 2814 ‚

159 2823 315 2906 premissis
330 2825 557 2894 commeatibus,
571 2827 707 2886 verticem
724 2825 783 2896 eius
798 2847 848 2888 as·

163 2905 276 2982 undio
292 2904 388 2971 Multa
398 2902 502 2969 hedera
513 2905 634 2986 vitisque
646 2918 712 2968 toro·
721 2903 849 2988 gignitur
