2350 3967
348 459 403 514 „0
523 432 839 512 Q.cunr·11

344 537 469 600 medicus
477 535 661 614 predixerat)
672 555 744 616 aegre
752 535 858 596 ferens.
865 531 947 594 Inter
956 530 1024 610 hae

344 639 361 678 a
380 613 593 685 Parmenione,
616 615 751 676 fidissimo
769 630 993 690 purpuratorum
1006 653 1026 686 ‚

343 697 437 756 literas
453 693 574 770 accipit,
594 695 693 772 quibus
710 693 737 754 ei
751 692 961 763 denuntiabat,
982 713 1022 754 ne

342 771 460 836 salutern
476 794 555 834 sunm
572 772 699 854 Philippo
717 772 916 845 committerem
937 769 1021 832 mitte

343 851 459 914 radentis
476 851 620 923 aDario,
641 871 668 912 et
678 872 727 931 spe
741 851 898 930 nuptiarum
909 849 1020 912 sororis

344 933 405 1010 ejus
420 951 481 990 este
498 951 660 1012 corruptum.
677 931 826 1012 Ingentem
836 932 938 990 animo
958 932 1018 990 sol·

343 1010 520 1088 lieitudinem
534 1011 623 1072 litere
633 1011 825 1083 incusserant,
841 1026 871 1070 et
880 1007 1018 1087 quidquid

343 1089 374 1152 in
393 1107 540 1168 utramque
557 1110 667 1167 partem
684 1109 732 1150 aut
748 1107 859 1158 metus,
884 1108 934 1150 aut
953 1108 1018 1165 spes

343 1167 520 1244 subjecerat,
541 1189 646 1232 secreta
664 1169 848 1230 aestimatione
867 1171 1017 1246 pensabat.

344 1244 447 1308 Bibere
456 1249 657 1328 perseverem?
670 1265 721 1315 ut,
740 1246 766 1306 si
778 1268 910 1307 uenenum
921 1245 1019 1306 datum

337 1323 452 1402 fuerit,
471 1347 506 1386 ne
517 1327 654 1388 immerito
672 1324 802 1404 quidem,
820 1324 952 1404 quidquid
966 1345 1017 1385 ac.-

346 1403 464 1473 tt'detit,
484 1406 611 1466 evenisse
627 1404 778 1468 videatur?
796 1402 937 1464 Damnem
955 1425 1018 1464 me-

345 1481 498 1562 dicifldern
511 1486 526 1543 ἓ
543 1485 572 1544 t'n
585 1481 759 1544 tabernaculo
772 1503 834 1562 ergo
847 1504 888 1544 me
900 1481 1019 1562 opprimi

341 1561 463 1640 parier?
483 1560 523 1622 At
538 1563 629 1622 tatius
644 1581 686 1621 est
699 1556 790 1623 alieno
808 1583 850 1622 mr
863 1563 931 1622 mori
951 1583 1019 1622 ste.-

346 1640 421 1710 lrre,
445 1661 527 1720 quarn
542 1661 704 1712 uretthueo.
726 1637 787 1704 Diu
805 1642 904 1702 animo
921 1641 953 1702 in
972 1642 1019 1701 di·

346 1741 426 1782 versa
438 1741 547 1782 versato
559 1761 569 1789 ,
581 1722 682 1789 nulli,
702 1721 766 1799 quid
778 1722 912 1798 scriptum
924 1738 1020 1790 esset„

347 1799 494 1860 enuntiat:
511 1801 738 1878 epistolamque,
757 1801 851 1885 sigillo
862 1801 963 1861 annuli
975 1802 1020 1862 sui

346 1875 542 1955 impressam,
567 1878 717 1956 pulvino,
750 1884 797 1942 eui
826 1881 978 1942 incubabat
1006 1918 1021 1948 ,

347 1958 475 2036 subjecit.
498 1958 639 2022 Inter.has
658 1961 845 2040 cogitationes
862 1959 950 2020 biduo
968 1960 1021 2020 ab·

260 2097 268 2117 Ι
348 2057 461 2114 sumpto
474 2080 484 2105 ,
496 2040 596 2098 illuxit:
608 2062 624 2098 a
636 2041 750 2102 medico
767 2040 919 2102 destinatus
934 2038 1017 2107 dies,

348 2132 377 2174 et
387 2115 436 2176 ille
448 2137 513 2176 eum
524 2118 649 2192 poculo,
668 2119 764 2196 inquo
775 2118 1019 2179 medicamentum

347 2192 490 2262 diluerat,
504 2195 629 2256 intravit.
642 2195 712 2274 Quo
727 2200 789 2261 viso
800 2197 965 2260 Alexander
974 2198 1020 2257 le-

346 2289 415 2332 vato
437 2294 557 2363 corpore
578 2275 609 2334 in
629 2278 779 2348 cubitum,
801 2277 976 2356 epistolam,
998 2297 1019 2336 a

347 2347 537 2437 Barmenrone
545 2355 795 2423 missam,sinistra
805 2375 1021 2424 manutenens,

347 2431 450 2508 accipit
460 2434 618 2508 poculum,
634 2455 662 2494 et
675 2435 768 2496 haurit
779 2437 940 2508 intenitus3
953 2452 1018 2496 turn

348 2508 492 2589 epistotam
512 2511 674 2591 Philippum
690 2511 781 2594 legere
802 2515 882 2594 jubet
899 2538 907 2575 ε
926 2535 982 2575 nec
997 2535 1019 2574 a

348 2591 429 2653 vultu
447 2590 565 2670 legentis
588 2595 682 2655 movit
702 2595 824 2667 oculos,
844 2611 939 2662 ratus,
960 2593 1018 2653 ali·

347 2689 416 2743 quas
435 2673 612 2732 conscientiae
630 2689 711 2732 noras
728 2674 759 2732 in
778 2674 844 2750 ipso
862 2691 913 2745 ore
933 2693 1021 2750 posse

347 2746 564 2836 deprehendere.
576 2751 649 2818 Ille,
663 2752 782 2828 epistola
795 2754 941 2830 perlecta,
955 2753 1023 2828 plue

347 2826 548 2913 pndigrrationis
564 2851 652 2911 *qua-m
662 2832 776 2910 pavoris
791 2831 914 2906 ostendit
925 2852 1019 2910 optor
