<?xml version="1.0" encoding="UTF-8"?>
<!DOCTYPE html PUBLIC "-//W3C//DTD XHTML 1.0 Transitional//EN"
    "http://www.w3.org/TR/xhtml1/DTD/xhtml1-transitional.dtd">
<html xmlns="http://www.w3.org/1999/xhtml" xml:lang="en" lang="en">
 <head>
  <title>
</title>
<meta http-equiv="Content-Type" content="text/html;charset=utf-8" />
  <meta name='ocr-system' content='tesseract 3.04.00' />
  <meta name='ocr-capabilities' content='ocr_page ocr_carea ocr_par ocr_line ocrx_word'/>
</head>
<body>
  <div class='ocr_page' id='page_1' title='image "./qcurtiirufidere01rufugoog_0538.png"; bbox 0 0 2350 3967; ppageno 0'>
   <div class='ocr_carea' id='block_1_1' title="bbox 163 569 850 1588">
    <p class='ocr_par' dir='ltr' id='par_1_1' title="bbox 163 569 850 1588">
     <span class='ocr_line' id='line_1_1' title="bbox 170 569 850 660; baseline 0.01 -22"><span class='ocrx_word' id='word_1_1' title='bbox 170 569 271 648; x_wconf 69' lang='grc' dir='ltr'>’ἅωεῖς</span> <span class='ocrx_word' id='word_1_2' title='bbox 284 573 473 657; x_wconf 78' lang='lat' dir='ltr'><em>proximisque</em></span> <span class='ocrx_word' id='word_1_3' title='bbox 489 577 637 641; x_wconf 79' lang='lat' dir='ltr'>amicorum</span> <span class='ocrx_word' id='word_1_4' title='bbox 647 579 794 660; x_wconf 76' lang='lat' dir='ltr'>uuttnrfin‘</span> <span class='ocrx_word' id='word_1_5' title='bbox 811 604 850 646; x_wconf 82' lang='lat' dir='ltr'>ete</span> 
     </span>
     <span class='ocr_line' id='line_1_2' title="bbox 172 653 848 735; baseline 0.015 -19"><span class='ocrx_word' id='word_1_6' title='bbox 172 653 297 735; x_wconf 80' lang='lat' dir='ltr'>captiuis</span> <span class='ocrx_word' id='word_1_7' title='bbox 319 655 475 735; x_wconf 79' lang='lat' dir='ltr'>generandi</span> <span class='ocrx_word' id='word_1_8' title='bbox 497 656 624 721; x_wconf 78' lang='lat' dir='ltr'>liberor.-</span> <span class='ocrx_word' id='word_1_9' title='bbox 642 678 673 720; x_wconf 91' lang='lat' dir='ltr'>ut</span> <span class='ocrx_word' id='word_1_10' title='bbox 692 659 743 725; x_wconf 72' lang='lat' dir='ltr'>dne</span> <span class='ocrx_word' id='word_1_11' title='bbox 765 682 848 726; x_wconf 85' lang='lat' dir='ltr'>suern</span> 
     </span>
     <span class='ocr_line' id='line_1_3' title="bbox 163 731 848 812; baseline 0.012 -17"><span class='ocrx_word' id='word_1_12' title='bbox 163 731 278 812; x_wconf 71' lang='lat' dir='ltr'>faedere</span> <span class='ocrx_word' id='word_1_13' title='bbox 287 755 365 795; x_wconf 85' lang='lat' dir='ltr'>omne</span> <span class='ocrx_word' id='word_1_14' title='bbox 378 733 529 797; x_wconf 83' lang='lat' dir='ltr'><em>discrimen</em></span> <span class='ocrx_word' id='word_1_15' title='bbox 540 737 610 798; x_wconf 78' lang='lat' dir='ltr'>uicti</span> <span class='ocrx_word' id='word_1_16' title='bbox 624 757 652 800; x_wconf 87' lang='lat' dir='ltr'>et</span> <span class='ocrx_word' id='word_1_17' title='bbox 662 740 778 802; x_wconf 80' lang='lat' dir='ltr'>uictoris</span> <span class='ocrx_word' id='word_1_18' title='bbox 793 761 848 803; x_wconf 83' lang='lat' dir='ltr'>ese·</span> 
     </span>
     <span class='ocr_line' id='line_1_4' title="bbox 173 807 848 896; baseline 0.013 -22"><span class='ocrx_word' id='word_1_19' title='bbox 173 807 324 876; x_wconf 75' lang='lat' dir='ltr'>cluderem.</span> <span class='ocrx_word' id='word_1_20' title='bbox 343 810 468 875; x_wconf 80' lang='lat' dir='ltr'>Proinde</span> <span class='ocrx_word' id='word_1_21' title='bbox 482 816 597 896; x_wconf 83' lang='lat' dir='ltr'>genitos</span> <span class='ocrx_word' id='word_1_22' title='bbox 613 839 677 879; x_wconf 86' lang='lat' dir='ltr'>esse</span> <span class='ocrx_word' id='word_1_23' title='bbox 690 841 741 880; x_wconf 80' lang='lat' dir='ltr'>uns</span> <span class='ocrx_word' id='word_1_24' title='bbox 755 819 848 894; x_wconf 80' lang='lat' dir='ltr'>miti,</span> 
     </span>
     <span class='ocr_line' id='line_1_5' title="bbox 169 891 847 960; baseline 0.009 -5"><span class='ocrx_word' id='word_1_25' title='bbox 169 911 229 955; x_wconf 84' lang='lat' dir='ltr'>nort</span> <span class='ocrx_word' id='word_1_26' title='bbox 245 891 371 953; x_wconf 80' lang='lat' dir='ltr'>adscitos</span> <span class='ocrx_word' id='word_1_27' title='bbox 389 892 493 954; x_wconf 80' lang='lat' dir='ltr'><em>milites</em></span> <span class='ocrx_word' id='word_1_28' title='bbox 510 894 627 956; x_wconf 79' lang='lat' dir='ltr'><strong><em>credite.</em></strong></span> <span class='ocrx_word' id='word_1_29' title='bbox 644 897 726 958; x_wconf 76' lang='lat' dir='ltr'>Aria</span> <span class='ocrx_word' id='word_1_30' title='bbox 742 916 771 959; x_wconf 88' lang='lat' dir='ltr'>et</span> <span class='ocrx_word' id='word_1_31' title='bbox 785 897 847 960; x_wconf 83' lang='lat' dir='ltr'>Eu·</span> 
     </span>
     <span class='ocr_line' id='line_1_6' title="bbox 170 971 849 1056; baseline 0.01 -23"><span class='ocrx_word' id='word_1_32' title='bbox 170 991 246 1052; x_wconf 81' lang='lat' dir='ltr'>rupte</span> <span class='ocrx_word' id='word_1_33' title='bbox 263 991 345 1032; x_wconf 84' lang='lat' dir='ltr'>unum</span> <span class='ocrx_word' id='word_1_34' title='bbox 360 987 440 1051; x_wconf 83' lang='lat' dir='ltr'>atque</span> <span class='ocrx_word' id='word_1_35' title='bbox 455 971 530 1034; x_wconf 84' lang='lat' dir='ltr'>idem</span> <span class='ocrx_word' id='word_1_36' title='bbox 547 995 660 1056; x_wconf 82' lang='lat' dir='ltr'>regnum</span> <span class='ocrx_word' id='word_1_37' title='bbox 678 979 849 1042; x_wconf 60' lang='lat' dir='ltr'>estuare-</span> 
     </span>
     <span class='ocr_line' id='line_1_7' title="bbox 171 1049 848 1148; baseline 0.01 -36"><span class='ocrx_word' id='word_1_38' title='bbox 171 1049 274 1112; x_wconf 86' lang='lat' dir='ltr'>dunum</span> <span class='ocrx_word' id='word_1_39' title='bbox 291 1049 369 1112; x_wconf 77' lang='lat' dir='ltr'>uobis</span> <span class='ocrx_word' id='word_1_40' title='bbox 386 1071 464 1113; x_wconf 84' lang='lat' dir='ltr'>arma</span> <span class='ocrx_word' id='word_1_41' title='bbox 483 1051 701 1116; x_wconf 82' lang='lat' dir='ltr'>do.1nveterani</span> <span class='ocrx_word' id='word_1_42' title='bbox 717 1059 848 1148; x_wconf 69' lang='lat' dir='ltr'>peregri«-</span> 
     </span>
     <span class='ocr_line' id='line_1_8' title="bbox 169 1128 849 1208; baseline 0.01 -17"><span class='ocrx_word' id='word_1_43' title='bbox 169 1128 849 1208; x_wconf 77' lang='lat' dir='ltr'>narnnouitatem;etciuesmeiestisetrnr&#39;lrtes,</span> 
     </span>
     <span class='ocr_line' id='line_1_9' title="bbox 171 1203 849 1277; baseline 0.012 -8"><span class='ocrx_word' id='word_1_44' title='bbox 171 1207 267 1269; x_wconf 83' lang='lat' dir='ltr'>omnin</span> <span class='ocrx_word' id='word_1_45' title='bbox 278 1203 399 1270; x_wconf 80' lang='lat' dir='ltr'>eumdem</span> <span class='ocrx_word' id='word_1_46' title='bbox 410 1207 515 1270; x_wconf 83' lang='lat' dir='ltr'>ducunt</span> <span class='ocrx_word' id='word_1_47' title='bbox 526 1209 657 1274; x_wconf 78' lang='lat' dir='ltr'>colorem.</span> <span class='ocrx_word' id='word_1_48' title='bbox 670 1213 734 1274; x_wconf 86' lang='lat' dir='ltr'>Nee</span> <span class='ocrx_word' id='word_1_49' title='bbox 747 1213 849 1277; x_wconf 75' lang='lat' dir='ltr'>Persis</span> 
     </span>
     <span class='ocr_line' id='line_1_10' title="bbox 170 1285 849 1360; baseline 0.01 -12"><span class='ocrx_word' id='word_1_50' title='bbox 170 1285 360 1348; x_wconf 82' lang='lat' dir='ltr'><em>Macedonum</em></span> <span class='ocrx_word' id='word_1_51' title='bbox 371 1307 470 1348; x_wconf 88' lang='lat' dir='ltr'>morem</span> <span class='ocrx_word' id='word_1_52' title='bbox 485 1288 664 1360; x_wconf 71' lang='lat' dir='ltr'>arradens,</span> <span class='ocrx_word' id='word_1_53' title='bbox 680 1312 731 1352; x_wconf 85' lang='lat' dir='ltr'>nec</span> <span class='ocrx_word' id='word_1_54' title='bbox 744 1290 849 1355; x_wconf 77' lang='lat' dir='ltr'>Mace-</span> 
     </span>
     <span class='ocr_line' id='line_1_11' title="bbox 171 1363 849 1451; baseline 0.01 -25"><span class='ocrx_word' id='word_1_55' title='bbox 171 1364 293 1432; x_wconf 76' lang='lat' dir='ltr'>donibus</span> <span class='ocrx_word' id='word_1_56' title='bbox 300 1363 520 1428; x_wconf 84' lang='lat' dir='ltr'>Persasimitnri</span> <span class='ocrx_word' id='word_1_57' title='bbox 528 1367 688 1438; x_wconf 79' lang='lat' dir='ltr'>indecorum</span> <span class='ocrx_word' id='word_1_58' title='bbox 695 1389 748 1430; x_wconf 86' lang='lat' dir='ltr'>est.</span> <span class='ocrx_word' id='word_1_59' title='bbox 757 1369 849 1451; x_wconf 78' lang='lat' dir='ltr'>Ejus·</span> 
     </span>
     <span class='ocr_line' id='line_1_12' title="bbox 170 1443 849 1536; baseline 0.01 -30"><span class='ocrx_word' id='word_1_60' title='bbox 170 1444 234 1536; x_wconf 74' lang='lat' dir='ltr'>dem</span> <span class='ocrx_word' id='word_1_61' title='bbox 244 1443 322 1536; x_wconf 75' lang='lat' dir='ltr'>juris</span> <span class='ocrx_word' id='word_1_62' title='bbox 334 1465 396 1506; x_wconf 87' lang='lat' dir='ltr'>esse</span> <span class='ocrx_word' id='word_1_63' title='bbox 409 1445 529 1519; x_wconf 84' lang='lat' dir='ltr'>debent,</span> <span class='ocrx_word' id='word_1_64' title='bbox 545 1446 591 1530; x_wconf 78' lang='lat' dir='ltr'>qui</span> <span class='ocrx_word' id='word_1_65' title='bbox 602 1447 653 1509; x_wconf 77' lang='lat' dir='ltr'>sud</span> <span class='ocrx_word' id='word_1_66' title='bbox 671 1448 764 1512; x_wconf 79' lang='lat' dir='ltr'>eudem</span> <span class='ocrx_word' id='word_1_67' title='bbox 781 1471 849 1533; x_wconf 85' lang='lat' dir='ltr'>rege</span> 
     </span>
     <span class='ocr_line' id='line_1_13' title="bbox 167 1540 370 1588; baseline 0.005 -1"><span class='ocrx_word' id='word_1_68' title='bbox 167 1542 272 1588; x_wconf 72' lang='lat' dir='ltr'>nurture</span> <span class='ocrx_word' id='word_1_69' title='bbox 292 1540 370 1588; x_wconf 78' lang='lat' dir='ltr'>sunt.</span> 
     </span>
    </p>
   </div>
   <div class='ocr_carea' id='block_1_2' title="bbox 163 1667 852 2076">
    <p class='ocr_par' dir='ltr' id='par_1_2' title="bbox 163 1667 852 2076">
     <span class='ocr_line' id='line_1_14' title="bbox 201 1667 848 1738; baseline 0.008 -19"><span class='ocrx_word' id='word_1_70' title='bbox 201 1670 258 1720; x_wconf 86' lang='lat' dir='ltr'>Hac</span> <span class='ocrx_word' id='word_1_71' title='bbox 274 1667 389 1722; x_wconf 81' lang='lat' dir='ltr'>eratione</span> <span class='ocrx_word' id='word_1_72' title='bbox 403 1669 502 1730; x_wconf 75' lang='lat' dir='ltr'>habits,</span> <span class='ocrx_word' id='word_1_73' title='bbox 516 1669 598 1723; x_wconf 79' lang='lat' dir='ltr'>Persis</span> <span class='ocrx_word' id='word_1_74' title='bbox 612 1671 726 1738; x_wconf 85' lang='lat' dir='ltr'>eorporis</span> <span class='ocrx_word' id='word_1_75' title='bbox 741 1672 777 1726; x_wconf 81' lang='lat' dir='ltr'>sui</span> <span class='ocrx_word' id='word_1_76' title='bbox 793 1690 848 1738; x_wconf 76' lang='lat' dir='ltr'>ens·</span> 
     </span>
     <span class='ocr_line' id='line_1_15' title="bbox 166 1734 852 1806; baseline 0.01 -18"><span class='ocrx_word' id='word_1_77' title='bbox 166 1737 266 1788; x_wconf 80' lang='lat' dir='ltr'>rodiam</span> <span class='ocrx_word' id='word_1_78' title='bbox 281 1737 405 1796; x_wconf 81' lang='lat' dir='ltr'>credidit,</span> <span class='ocrx_word' id='word_1_79' title='bbox 420 1740 504 1790; x_wconf 77' lang='lat' dir='ltr'>Persas</span> <span class='ocrx_word' id='word_1_80' title='bbox 520 1739 657 1800; x_wconf 74' lang='lat' dir='ltr'>satellites,</span> <span class='ocrx_word' id='word_1_81' title='bbox 674 1741 759 1792; x_wconf 80' lang='lat' dir='ltr'>Persas</span> <span class='ocrx_word' id='word_1_82' title='bbox 773 1734 852 1806; x_wconf 61' lang='grc' dir='ltr'>πβρι-</span> 
     </span>
     <span class='ocr_line' id='line_1_16' title="bbox 167 1804 847 1874; baseline 0.003 -16"><span class='ocrx_word' id='word_1_83' title='bbox 167 1804 261 1858; x_wconf 83' lang='lat' dir='ltr'>ritores</span> <span class='ocrx_word' id='word_1_84' title='bbox 270 1804 340 1859; x_wconf 80' lang='lat' dir='ltr'>fecit.</span> <span class='ocrx_word' id='word_1_85' title='bbox 357 1805 404 1870; x_wconf 85' lang='lat' dir='ltr'>Per</span> <span class='ocrx_word' id='word_1_86' title='bbox 414 1823 475 1872; x_wconf 84' lang='lat' dir='ltr'>quos</span> <span class='ocrx_word' id='word_1_87' title='bbox 485 1824 541 1857; x_wconf 85' lang='lat' dir='ltr'>curn</span> <span class='ocrx_word' id='word_1_88' title='bbox 551 1809 701 1859; x_wconf 86' lang='lat' dir='ltr'>Macedones</span> <span class='ocrx_word' id='word_1_89' title='bbox 711 1845 719 1868; x_wconf 92' lang='lat'>,</span> <span class='ocrx_word' id='word_1_90' title='bbox 736 1806 778 1874; x_wconf 82' lang='lat' dir='ltr'>qui</span> <span class='ocrx_word' id='word_1_91' title='bbox 789 1807 847 1860; x_wconf 84' lang='lat' dir='ltr'>huic</span> 
     </span>
     <span class='ocr_line' id='line_1_17' title="bbox 169 1870 851 1941; baseline 0.004 -19"><span class='ocrx_word' id='word_1_92' title='bbox 169 1870 292 1924; x_wconf 81' lang='lat' dir='ltr'>seditioni</span> <span class='ocrx_word' id='word_1_93' title='bbox 302 1872 458 1926; x_wconf 81' lang='lat' dir='ltr'>occasionem</span> <span class='ocrx_word' id='word_1_94' title='bbox 472 1873 611 1934; x_wconf 82' lang='lat' dir='ltr'>dedissent,</span> <span class='ocrx_word' id='word_1_95' title='bbox 625 1874 703 1927; x_wconf 84' lang='lat' dir='ltr'>vineti</span> <span class='ocrx_word' id='word_1_96' title='bbox 713 1877 744 1926; x_wconf 90' lang='lat' dir='ltr'>ad</span> <span class='ocrx_word' id='word_1_97' title='bbox 753 1873 851 1941; x_wconf 68' lang='lat' dir='ltr'>suppli-</span> 
     </span>
     <span class='ocr_line' id='line_1_18' title="bbox 167 1937 849 2006; baseline 0.006 -16"><span class='ocrx_word' id='word_1_98' title='bbox 167 1937 208 1990; x_wconf 78' lang='lat' dir='ltr'>cis</span> <span class='ocrx_word' id='word_1_99' title='bbox 218 1939 373 1991; x_wconf 72' lang='lat' dir='ltr'>traherentur</span> <span class='ocrx_word' id='word_1_100' title='bbox 384 1979 393 2002; x_wconf 91' lang='lat'><em>,</em></span> <span class='ocrx_word' id='word_1_101' title='bbox 411 1957 483 1992; x_wconf 85' lang='lat' dir='ltr'>unum</span> <span class='ocrx_word' id='word_1_102' title='bbox 494 1958 523 1992; x_wconf 81' lang='lat' dir='ltr'>ex</span> <span class='ocrx_word' id='word_1_103' title='bbox 537 1940 567 2006; x_wconf 72' lang='lat' dir='ltr'>iis</span> <span class='ocrx_word' id='word_1_104' title='bbox 577 1942 727 1994; x_wconf 87' lang='lat' dir='ltr'>auctoritate</span> <span class='ocrx_word' id='word_1_105' title='bbox 735 1957 762 1994; x_wconf 87' lang='lat' dir='ltr'>et</span> <span class='ocrx_word' id='word_1_106' title='bbox 776 1956 849 1994; x_wconf 71' lang='lat' dir='ltr'>etate</span> 
     </span>
     <span class='ocr_line' id='line_1_19' title="bbox 163 2007 708 2076; baseline 0.007 -18"><span class='ocrx_word' id='word_1_107' title='bbox 163 2023 287 2076; x_wconf 75' lang='lat' dir='ltr'>gravem,</span> <span class='ocrx_word' id='word_1_108' title='bbox 299 2007 330 2059; x_wconf 84' lang='lat' dir='ltr'>ad</span> <span class='ocrx_word' id='word_1_109' title='bbox 338 2011 433 2076; x_wconf 80' lang='lat' dir='ltr'>Regem</span> <span class='ocrx_word' id='word_1_110' title='bbox 446 2007 482 2060; x_wconf 79' lang='lat' dir='ltr'>ite</span> <span class='ocrx_word' id='word_1_111' title='bbox 490 2009 604 2060; x_wconf 79' lang='lat' dir='ltr'>locutum</span> <span class='ocrx_word' id='word_1_112' title='bbox 613 2013 708 2062; x_wconf 84' lang='lat' dir='ltr'>ferunt.</span> 
     </span>
    </p>
   </div>
   <div class='ocr_carea' id='block_1_3' title="bbox 161 2150 848 3035">
    <p class='ocr_par' dir='ltr' id='par_1_3' title="bbox 161 2150 848 3035">
     <span class='ocr_line' id='line_1_20' title="bbox 205 2150 845 2294; baseline 0.003 -79"><span class='ocrx_word' id='word_1_113' title='bbox 205 2155 286 2215; x_wconf 74' lang='lat' dir='ltr'>Cur.</span> <span class='ocrx_word' id='word_1_114' title='bbox 303 2154 357 2218; x_wconf 82' lang='lat' dir='ltr'>IV.</span> <span class='ocrx_word' id='word_1_115' title='bbox 372 2150 521 2294; x_wconf 54' lang='lat' dir='ltr'>quousque</span> <span class='ocrx_word' id='word_1_116' title='bbox 530 2197 542 2226; x_wconf 91' lang='lat'>‚</span> <span class='ocrx_word' id='word_1_117' title='bbox 561 2155 672 2235; x_wconf 85' lang='lat' dir='ltr'>inquit,</span> <span class='ocrx_word' id='word_1_118' title='bbox 691 2156 784 2218; x_wconf 83' lang='lat' dir='ltr'>animo</span> <span class='ocrx_word' id='word_1_119' title='bbox 797 2172 845 2225; x_wconf 83' lang='lat' dir='ltr'>tun</span> 
     </span>
     <span class='ocr_line' id='line_1_21' title="bbox 165 2233 846 2316; baseline 0.003 -20"><span class='ocrx_word' id='word_1_120' title='bbox 165 2233 254 2296; x_wconf 85' lang='lat' dir='ltr'>etiam</span> <span class='ocrx_word' id='word_1_121' title='bbox 263 2253 312 2315; x_wconf 82' lang='lat' dir='ltr'>per</span> <span class='ocrx_word' id='word_1_122' title='bbox 320 2253 386 2316; x_wconf 82' lang='lat' dir='ltr'>supp</span> <span class='ocrx_word' id='word_1_123' title='bbox 400 2233 476 2305; x_wconf 82' lang='lat' dir='ltr'>iria,</span> <span class='ocrx_word' id='word_1_124' title='bbox 485 2251 513 2294; x_wconf 89' lang='lat' dir='ltr'>et</span> <span class='ocrx_word' id='word_1_125' title='bbox 523 2235 632 2314; x_wconf 81' lang='lat' dir='ltr'>quidem</span> <span class='ocrx_word' id='word_1_126' title='bbox 642 2235 749 2298; x_wconf 78' lang='lat' dir='ltr'>externi</span> <span class='ocrx_word' id='word_1_127' title='bbox 761 2237 846 2298; x_wconf 81' lang='lat' dir='ltr'>tunsis</span> 
     </span>
     <span class='ocr_line' id='line_1_22' title="bbox 163 2311 846 2395; baseline 0.001 -21"><span class='ocrx_word' id='word_1_128' title='bbox 163 2311 525 2392; x_wconf 70' lang='lat' dir='ltr'>obsequerisdmilt&#39;testur&#39;,</span> <span class='ocrx_word' id='word_1_129' title='bbox 540 2314 617 2374; x_wconf 80' lang='lat' dir='ltr'>ciues</span> <span class='ocrx_word' id='word_1_130' title='bbox 626 2314 667 2388; x_wconf 71' lang='lat' dir='ltr'>rui</span> <span class='ocrx_word' id='word_1_131' title='bbox 674 2355 686 2384; x_wconf 89' lang='lat'>‚</span> <span class='ocrx_word' id='word_1_132' title='bbox 701 2315 846 2395; x_wconf 70' lang='lat' dir='ltr'>incognitae</span> 
     </span>
     <span class='ocr_line' id='line_1_23' title="bbox 162 2390 848 2473; baseline 0.001 -19"><span class='ocrx_word' id='word_1_133' title='bbox 162 2411 274 2462; x_wconf 84' lang='lat' dir='ltr'>rausa,</span> <span class='ocrx_word' id='word_1_134' title='bbox 296 2391 416 2473; x_wconf 81' lang='lat' dir='ltr'>captiuis</span> <span class='ocrx_word' id='word_1_135' title='bbox 435 2390 497 2452; x_wconf 84' lang='lat' dir='ltr'>suit</span> <span class='ocrx_word' id='word_1_136' title='bbox 518 2390 681 2453; x_wconf 84' lang='lat' dir='ltr'>ducentibus</span> <span class='ocrx_word' id='word_1_137' title='bbox 700 2391 848 2455; x_wconf 72' lang='lat' dir='ltr'>trahuntur</span> 
     </span>
     <span class='ocr_line' id='line_1_24' title="bbox 165 2469 845 2552; baseline -0.004 -18"><span class='ocrx_word' id='word_1_138' title='bbox 165 2470 204 2534; x_wconf 84' lang='lat' dir='ltr'>ad</span> <span class='ocrx_word' id='word_1_139' title='bbox 218 2491 329 2552; x_wconf 73' lang='lat' dir='ltr'>punam</span> <span class='ocrx_word' id='word_1_140' title='bbox 346 2478 359 2532; x_wconf 74' lang='grc' dir='ltr'><em>Ι</em></span> <span class='ocrx_word' id='word_1_141' title='bbox 377 2469 404 2532; x_wconf 81' lang='lat' dir='ltr'>si</span> <span class='ocrx_word' id='word_1_142' title='bbox 420 2487 533 2532; x_wconf 80' lang='lat' dir='ltr'>mortem</span> <span class='ocrx_word' id='word_1_143' title='bbox 550 2469 684 2531; x_wconf 84' lang='lat' dir='ltr'>meruisse</span> <span class='ocrx_word' id='word_1_144' title='bbox 703 2470 845 2549; x_wconf 75' lang='lat' dir='ltr'>judicas,</span> 
     </span>
     <span class='ocr_line' id='line_1_25' title="bbox 164 2547 847 2630; baseline 0 -20"><span class='ocrx_word' id='word_1_145' title='bbox 164 2548 269 2610; x_wconf 83' lang='lat' dir='ltr'>saltem</span> <span class='ocrx_word' id='word_1_146' title='bbox 279 2549 422 2610; x_wconf 83' lang='lat' dir='ltr'>ministros</span> <span class='ocrx_word' id='word_1_147' title='bbox 434 2547 563 2630; x_wconf 82' lang='lat' dir='ltr'>supplicii</span> <span class='ocrx_word' id='word_1_148' title='bbox 573 2566 661 2613; x_wconf 70' lang='lat' dir='ltr'>mun.</span> <span class='ocrx_word' id='word_1_149' title='bbox 667 2550 774 2611; x_wconf 85' lang='lat' dir='ltr'>Amico</span> <span class='ocrx_word' id='word_1_150' title='bbox 784 2549 847 2612; x_wconf 71' lang='lat' dir='ltr'>eni·</span> 
     </span>
     <span class='ocr_line' id='line_1_26' title="bbox 162 2628 844 2706; baseline -0.003 -16"><span class='ocrx_word' id='word_1_151' title='bbox 162 2649 236 2698; x_wconf 83' lang='lat' dir='ltr'>mo,</span> <span class='ocrx_word' id='word_1_152' title='bbox 256 2630 278 2690; x_wconf 88' lang='lat' dir='ltr'>si</span> <span class='ocrx_word' id='word_1_153' title='bbox 290 2629 350 2690; x_wconf 86' lang='lat' dir='ltr'>veri</span> <span class='ocrx_word' id='word_1_154' title='bbox 361 2631 473 2706; x_wconf 79' lang='lat' dir='ltr'>patiens</span> <span class='ocrx_word' id='word_1_155' title='bbox 483 2629 601 2699; x_wconf 85' lang='lat' dir='ltr'>fuisset,</span> <span class='ocrx_word' id='word_1_156' title='bbox 617 2628 844 2702; x_wconf 76' lang='lat' dir='ltr'>admonebatur3</span> 
     </span>
     <span class='ocr_line' id='line_1_27' title="bbox 162 2707 843 2790; baseline 0 -21"><span class='ocrx_word' id='word_1_157' title='bbox 162 2709 214 2770; x_wconf 88' lang='lat' dir='ltr'>sed</span> <span class='ocrx_word' id='word_1_158' title='bbox 233 2709 263 2768; x_wconf 88' lang='lat' dir='ltr'>in</span> <span class='ocrx_word' id='word_1_159' title='bbox 274 2708 383 2768; x_wconf 88' lang='lat' dir='ltr'>rabiem</span> <span class='ocrx_word' id='word_1_160' title='bbox 393 2707 433 2770; x_wconf 83' lang='lat' dir='ltr'>ira</span> <span class='ocrx_word' id='word_1_161' title='bbox 445 2723 624 2790; x_wconf 81' lang='lat' dir='ltr'>pervenerat.</span> <span class='ocrx_word' id='word_1_162' title='bbox 638 2708 736 2786; x_wconf 83' lang='lat' dir='ltr'>Iraque</span> <span class='ocrx_word' id='word_1_163' title='bbox 749 2721 843 2769; x_wconf 76' lang='lat' dir='ltr'>rursus</span> 
     </span>
     <span class='ocr_line' id='line_1_28' title="bbox 165 2785 842 2866; baseline -0.001 -19"><span class='ocrx_word' id='word_1_164' title='bbox 165 2792 262 2862; x_wconf 84' lang='lat' dir='ltr'>(nam</span> <span class='ocrx_word' id='word_1_165' title='bbox 277 2807 449 2866; x_wconf 87' lang='lat' dir='ltr'>parumper,</span> <span class='ocrx_word' id='word_1_166' title='bbox 467 2785 566 2864; x_wconf 83' lang='lat' dir='ltr'>quibus</span> <span class='ocrx_word' id='word_1_167' title='bbox 576 2788 746 2865; x_wconf 83' lang='lat' dir='ltr'>imperatum</span> <span class='ocrx_word' id='word_1_168' title='bbox 759 2805 842 2858; x_wconf 81' lang='lat' dir='ltr'>erat,</span> 
     </span>
     <span class='ocr_line' id='line_1_29' title="bbox 163 2863 842 2946; baseline -0.003 -19"><span class='ocrx_word' id='word_1_169' title='bbox 163 2867 383 2938; x_wconf 83' lang='lat' dir='ltr'>dubitaverant)</span> <span class='ocrx_word' id='word_1_170' title='bbox 395 2865 481 2946; x_wconf 79' lang='lat' dir='ltr'>mergi</span> <span class='ocrx_word' id='word_1_171' title='bbox 492 2865 522 2926; x_wconf 85' lang='lat' dir='ltr'>t&#39;n</span> <span class='ocrx_word' id='word_1_172' title='bbox 532 2886 656 2936; x_wconf 86' lang='lat' dir='ltr'>amnem,</span> <span class='ocrx_word' id='word_1_173' title='bbox 667 2864 742 2927; x_wconf 80' lang='lat' dir='ltr'>sicut</span> <span class='ocrx_word' id='word_1_174' title='bbox 751 2863 842 2927; x_wconf 76' lang='lat' dir='ltr'>tinrt‘</span> 
     </span>
     <span class='ocr_line' id='line_1_30' title="bbox 161 2943 842 3035; baseline 0.003 -25"><span class='ocrx_word' id='word_1_175' title='bbox 161 2963 266 3026; x_wconf 80' lang='lat' dir='ltr'>erarrt,</span> <span class='ocrx_word' id='word_1_176' title='bbox 286 2945 376 3028; x_wconf 81' lang='lat' dir='ltr'>jussit.</span> <span class='ocrx_word' id='word_1_177' title='bbox 392 2943 524 3026; x_wconf 83' lang='lat' dir='ltr'>Nechoc</span> <span class='ocrx_word' id='word_1_178' title='bbox 535 2944 651 3035; x_wconf 73' lang='lat' dir='ltr'>quiden</span> <span class='ocrx_word' id='word_1_179' title='bbox 668 2944 842 3032; x_wconf 67' lang='lat' dir='ltr'>supplicius:⁴</span> 
     </span>
    </p>
   </div>
   <div class='ocr_carea' id='block_1_4' title="bbox 0 0 1180 3967">
    <p class='ocr_par' dir='ltr' id='par_1_4' title="bbox 0 0 1180 3967">
     <span class='ocr_line' id='line_1_31' title="bbox 0 0 1180 3967; baseline 0 2"><span class='ocrx_word' id='word_1_180' title='bbox 0 0 1180 3967; x_wconf 95' lang='lat' dir='ltr'> </span> 
     </span>
    </p>
   </div>
  </div>
 </body>
</html>
