2350 3967
359 462 394 513 ea
461 448 489 502 t.
522 446 714 501 rnernsu.
749 445 940 497 sunniam

361 552 447 591 mento
467 534 589 587 sufficiens
610 532 657 583 iter
677 533 783 596 prebens
802 551 809 583 e
827 535 895 598 quod
912 534 1046 585 adversus

361 620 537 673 quemcumque
552 617 680 653 numerum
693 600 822 651 hominum
836 602 877 650 vel
892 601 983 649 decem
1002 617 1046 650 ar-

360 671 423 725 mati
439 670 541 737 sepiant.
559 670 605 721 Sed
621 668 665 717 ille
677 684 723 731 qua
738 666 838 716 minime
851 666 942 730 perviae
956 684 1046 732 rupes

358 738 577 795 existimabantur,
592 736 712 785 scalarum
721 733 747 783 in
757 736 858 784 modum
867 731 952 784 exciso
961 752 1044 783 mon-

359 806 393 859 tis
405 809 472 857 Osse
484 806 580 863 latere,
599 801 730 852 circumitu
742 799 900 866 penetravita
918 803 1045 867 adeoque

355 873 487 925 eeleritate
501 889 542 923 rua
552 885 654 921 cunctos
663 868 795 926 exterruit,
812 884 840 918 ut
854 869 934 919 omniu
941 871 964 920 ei
978 887 1044 921 vec-

359 945 451 1009 tigalia
465 942 599 1005 reditusque
613 974 622 996 ‚
641 937 715 988 sinui
730 939 848 987 universa
859 936 944 1002 gentis
956 937 1046 1004 impe·v

359 1014 426 1061 rium
442 1028 454 1067 ‚·
472 1005 556 1073 quibus
577 1006 603 1055 id
626 1002 719 1070 legibus
741 1005 865 1070 Philippus
884 1002 1042 1063 hahuisset‚·

357 1074 431 1127 nullo
448 1075 496 1136 jam
510 1084 660 1136 repugnante
677 1070 873 1120 decernerentur.
888 1068 1014 1119 Phthiam
1029 1104 1040 1129 ,

356 1159 411 1208 qua
421 1138 516 1209 generis
531 1137 569 1189 sui
580 1150 708 1188 auctorem
723 1135 850 1187 Achillem
860 1137 1013 1201 protulisset
1029 1174 1040 1196 ,

358 1212 489 1262 immunem
497 1224 545 1261 esse
552 1208 640 1271 jussit·
648 1207 754 1271 Eumque
767 1206 858 1256 heroem
870 1204 1042 1270 expeditionis

358 1280 476 1338 aversus
492 1278 579 1327 Persas
592 1274 685 1324 socium
698 1287 768 1338 urpue
779 1273 968 1323 commilitonem
988 1274 1040 1323 eli-

354 1362 449 1414 gerere
462 1340 535 1392 dixit.
551 1344 586 1389 Ex
601 1338 727 1389 Thessalia
741 1337 918 1403 Thermopylas
933 1336 1041 1400 petiit,

357 1410 487 1477 publicum
503 1406 603 1459 Graeciae
620 1405 772 1463 concilium,
795 1407 922 1474 Pylaicum
939 1404 1038 1469 appel·

356 1480 422 1531 lant.
444 1476 482 1528 lbi
500 1488 555 1525 cum
572 1478 686 1539 frequens
701 1489 746 1536 per
762 1488 806 1522 eos
822 1472 874 1522 dies
891 1486 1038 1522 conventus

356 1562 441 1605 esset,
465 1543 589 1594 inlocum
603 1539 681 1604 patris
693 1537 906 1605 Amphictyonum
922 1538 1037 1589 decreto

356 1628 466 1663 summus
480 1612 623 1661 Graecorum
636 1607 771 1669 imperaror
785 1620 897 1663 creatura
917 1604 1036 1657 Ambra·

356 1682 431 1733 eiotir
448 1694 527 1729 rutam
543 1693 591 1727 esse
606 1674 742 1725 libertatem
755 1671 843 1736 jussit,
858 1689 933 1737 quam
950 1688 1037 1737 nuper

356 1748 460 1811 expulso
470 1743 634 1795 Macedonum
649 1738 763 1804 presidio
779 1753 923 1804 receperant
937 1756 945 1787 ι
959 1745 1036 1793 ultro

355 1816 508 1868 redditurum
516 1811 596 1875 fuisse
610 1806 744 1867 dictitans,
760 1809 788 1859 ni
797 1810 882 1874 paucis
897 1805 979 1859 diebus
996 1810 1034 1876 ip-

356 1898 412 1933 sum
422 1879 618 1931 antevertisrent.
632 1874 726 1925 Exinde
738 1872 830 1925 Thebis
840 1875 943 1925 admoto
958 1890 1034 1925 exer-

355 1946 410 1997 eitu
421 1980 428 2004 ‚
444 1948 568 2009 fractaque
577 1944 719 1993 Boeutorum
728 1957 755 1993 et
762 1940 952 1991 Atheniensium
962 1958 1034 1992 con-

354 2014 477 2071 tumacia,
492 2010 533 2078 qui
543 2009 630 2075 populi
647 2008 750 2061 maxime
764 2007 814 2059 suis
827 2006 936 2059 consiliis
946 2008 1033 2061 obsti-

355 2097 455 2141 eerant3
471 2081 532 2145 apud
553 2079 696 2129 Corinthum
714 2078 854 2128 Groecorum
874 2079 968 2141 legatos
985 2094 1029 2130 oc·

354 2155 454 2201 currere
462 2146 508 2197 sibi
517 2143 597 2205 jussit.
608 2141 646 2193 lbi
656 2142 800 2195 confirmato
810 2142 1030 2208 Amphictyonum

355 2215 476 2271 decreto,
494 2209 618 2261 communi
635 2208 745 2261 omnium
765 2208 904 2269 sententia,
923 2208 949 2259 iu
965 2210 1031 2263 Phi·

354 2280 420 2345 lippi
438 2278 513 2344 patris
532 2279 617 2327 lorum
638 2277 773 2342 imperator
788 2276 888 2327 Gracia
907 2278 1031 2332 suffectus

354 2363 395 2399 est
404 2364 412 2399 e
422 2361 448 2397 et
456 2345 481 2395 in
490 2345 583 2397 bellurn
592 2345 717 2395 Persicum
727 2343 816 2395 auxilia
824 2346 932 2395 decreta.
947 2348 1029 2395 Forte

354 2414 382 2467 in
399 2415 483 2465 eadem
503 2413 561 2463 urbe
575 2410 702 2478 Diogenes
716 2411 821 2477 degebat
837 2446 845 2469 ,
868 2410 910 2476 qui
925 2412 1028 2478 Cynico

353 2480 471 2533 instituto
485 2494 642 2544 spontaneam
655 2494 820 2543 paupertatem
835 2479 975 2541 amplexus,
992 2478 1028 2529 li·

353 2551 440 2607 berum
455 2562 480 2599 et
491 2548 528 2597 sui
541 2548 602 2609 juris
612 2544 718 2597 animum
736 2545 823 2609 opibus
834 2544 946 2610 curisque
964 2563 1026 2609 pre-

352 2619 455 2669 tulerat.
472 2612 639 2679 Aptieabatur
655 2613 700 2664 ille
720 2612 746 2663 in
764 2615 859 2662 craneo
872 2648 880 2671 ‚
893 2612 1024 2663 ecorintbi

354 2682 492 2739 suburbio,
515 2681 556 2731 ubi
571 2696 739 2741 cupressorum
756 2678 826 2729 lucus
843 2694 889 2729 est.
905 2682 942 2729 Eo
964 2696 1023 2731 cum

354 2748 495 2801 Alexander
507 2745 611 2797 videndi
625 2748 676 2805 ejus
691 2744 814 2795 desiderio
832 2745 957 2804 venisset,
974 2764 1023 2811 op·

353 2816 495 2881 tionemque
516 2817 609 2863 faterer
620 2828 676 2878 pule
692 2815 767 2865 vellet
780 2813 811 2865 ab
828 2814 879 2882 ipro
895 2816 991 2880 petendi
1007 2834 1021 2878 ,-

347 2900 477 2963 parumper
485 2880 602 2935 discedere
613 2877 686 2946 jussit
694 2896 795 2949 regem,
812 2884 922 2935 ursulent
938 2882 1021 2945 iuter:
