2350 3967
354 547 425 609 Nec
435 544 464 605 id
474 543 664 605 miserrimum
676 544 795 605 fortibus
805 542 873 605 viris
884 560 973 621 etat-t
989 544 1036 611 sed

356 624 434 705 quod
450 625 535 685 inulti
553 625 678 684 ferarum
697 623 775 691 ritu,
801 624 880 685 velut
898 622 931 683 in·
949 622 1037 687 fovea

356 702 525 780 deprehensi
535 703 717 763 cederentur.
729 704 774 765 lta
786 702 873 783 igitur
883 702 914 761 in
924 704 1037 765 rabiem

355 803 462 851 versa,
484 782 640 843 eminentia
663 802 730 846 sexa
751 782 921 858 complexi,
944 799 979 843 ut
999 784 1035 844 ad

311 894 315 898 ·
356 858 471 924 hostem
483 861 669 940 perveniant,
685 860 757 922 alius
774 861 864 921 aliurn
878 861 1010 923 levantes
1028 902 1038 935 ,

345 944 533 1005 ‹'conabantur
551 940 701 1001 ascendere
718 963 727 1001 t
742 960 777 1003 ea
797 940 859 1018 ipra
872 942 1036 1022 multorum

354 1020 597 1099 eimulmanibus
617 1036 748 1096 correpta
768 1036 798 1079 er
818 1020 981 1098 convulsa,
1005 1023 1037 1081 in

353 1115 432 1167 eos,
449 1098 499 1177 qui
517 1116 757 1167 commoverant,
778 1098 950 1159 recidebant.
965 1100 1038 1178 *Nec

308 1234 312 1242 .
347 1195 433 1244 erare
444 1198 513 1259 ergo
525 1217 536 1246 ,
548 1197 603 1238 nec
614 1177 667 1239 niti
679 1216 688 1247 ‚
702 1198 756 1239 nec
767 1178 905 1239 testudine
916 1180 1036 1259 quidem

356 1256 473 1338 protegi
484 1270 637 1333 poterant,
658 1278 723 1320 curn
742 1274 825 1317 tanta
837 1258 924 1338 molis
943 1278 1037 1320 onera

320 1374 324 1381 -
357 1337 553 1417 propellerent
579 1337 700 1397 barbari.
728 1336 838 1416 Regem
863 1356 923 1397 non
949 1338 1038 1399 dolor

346 1414 470 1485 modo,
488 1415 637 1476 sedetiam
648 1415 739 1493 pudor
748 1433 854 1475 temere
865 1416 895 1475 in
908 1417 975 1477 illas
984 1440 1038 1479 an·

353 1495 465 1577 'gustias
476 1493 602 1572 conjecti
614 1494 753 1555 exercitus
764 1497 896 1575 angebat.
906 1496 1036 1559 Invictus

349 1575 394 1636 ad
411 1595 477 1635 eant
495 1574 571 1635 diem
591 1570 702 1641 fuerat,
725 1572 796 1633 nihil
813 1574 913 1635 frustra
929 1597 1036 1638 ausus:

353 1653 477 1731 impune
500 1652 611 1713 Ciliciae
633 1652 727 1713 fauces
749 1654 932 1715 intraverat:
960 1656 1037 1717 mari

349 1750 474 1811 tquoque
483 1753 593 1794 novum
604 1730 657 1791 iter
666 1732 696 1791 in
705 1732 774 1793 Pam
796 1730 1037 1813 hyliamapertre·

350 1828 403 1874 rat
421 1833 430 1871 t
450 1826 517 1871 tunc
534 1810 677 1873 haesitabat
694 1754 865 1888 depredensa
881 1813 1007 1877 felicitas
1026 1837 1037 1889 ς

356 1911 414 1953 nec
422 1889 500 1952 aliud
511 1890 668 1973 remedium
679 1910 754 1959 erat,
766 1908 852 1970 quam
863 1896 967 1955 reverti
978 1917 1036 1974 qua

356 1987 488 2035 venerat.
508 1970 606 2046 ltaque
620 1970 703 2051 signo
716 1972 841 2049 receptui
854 1972 941 2043 dato,
962 1973 1035 2052 den·

266 2121 269 2129 Ι
351 2049 431 2113 'ratis
455 2047 636 2139 agminibus,
660 2049 802 2128 sentitque
828 2070 910 2129 snper
937 2054 1036 2133 capita

340 2144 515 2198 consertae,
533 2124 732 2189 retroevadere
743 2125 1037 2212 exangurtiir'jubet.

343 2224 421 2274 tetxx-
430 2208 508 2267 fuere
518 2206 625 2273 stadia,
641 2230 702 2285 qua
713 2212 834 2270 remensi
845 2226 921 2271 sunt.

395 2286 446 2347 Cn
456 2306 488 2349 t,
503 2285 572 2359 IV.n
584 2282 665 2361 Tam
678 2290 773 2350 castris
791 2288 913 2364 undique
930 2304 1034 2367 aperto

352 2362 569 2443 locopositis,
591 2385 651 2425 non
672 2368 833 2429 consultare
853 2369 943 2431 modo
965 2367 1035 2445 quid

353 2442 492 2525 agendum
502 2461 601 2515 erset;
621 2446 668 2505 red
679 2464 756 2507 vates
772 2468 884 2525 quoque
896 2447 1035 2509 adhibere

351 2524 443 2603 coepit
458 2546 476 2585 a
491 2524 687 2605 superstitiene
701 2528 800 2585 animi.
813 2526 867 2587 Sed
880 2527 946 2603 quid
962 2546 1034 2589 tunc

351 2604 503 2684 praedicere
520 2603 707 2673 Aristander,
729 2606 774 2665 cui
791 2624 852 2665 tum
870 2606 1033 2683 plurimum

354 2683 522 2746 credebatur
540 2702 580 2741 ert
599 2684 732 2751 vatibus,
759 2687 905 2763 poterat?
930 2687 1033 2767 Itaque
1101 2728 1102 2739 r

353 2761 494 2821 danmatis
511 2762 715 2842 intempestivis
731 2760 901 2845 sacrificiis,
924 2766 1033 2844 petitor
1101 2768 1102 2807 ἴ

331 2836 476 2933 ίΙοερηιιιι
492 2840 637 2904 conuocari
652 2842 744 2923 jubett
759 2838 816 2907 Per
831 2838 963 2923 Mediana
978 2844 1036 2909 iter
