2350 3967
347 490 539 558 LIBER
590 494 667 560 IX.
783 506 845 573 '479‘

158 594 255 659 ferme
268 594 359 657 stadia
370 596 487 679 singulis
501 596 599 659 diebus
608 596 787 677 procedens,
811 616 846 661 ut

161 676 338 756 opportunis
366 677 439 739 locis
474 678 580 757 exponi
608 680 724 742 subinde
754 680 848 758 copiae

160 773 294 837 possent·
636 781 638 785 ¹
829 822 832 829 1

205 836 287 898 Cur.
299 834 360 897 IV.
369 834 544 897 Perventum
555 853 614 897 erat
628 836 658 897 in
672 836 847 921 regionem,

160 916 270 993 inqua
289 914 437 992 Hydaspes
448 916 540 975 amnis
549 918 666 977 Acesini
685 922 847 980 committi-

152 1013 222 1058 ·tur.
234 996 316 1055 Hinc
324 994 447 1055 decurrit
454 997 483 1055 in
494 995 565 1056 fines
574 998 740 1060 Sobiortnn.
752 998 792 1059 Hi
810 998 846 1061 de

160 1074 294 1136 exercitu
314 1071 447 1134 Herculis
464 1075 581 1155 majores
598 1097 664 1137 suos
681 1098 743 1139 esse
760 1099 845 1139 com-

159 1170 357 1222 memorant,
380 1172 471 1233 egres
491 1153 604 1216 relictos
627 1176 689 1215 esse
701 1176 714 1228 ,·
737 1159 850 1238 cepisse

162 1231 845 1313 sedem,puumipsioltinelant.Pellesferarunr

128 1362 142 1369 ,
159 1336 219 1395 pro
230 1331 309 1376 veste
321 1334 331 1385 3
348 1313 435 1373 clavae
446 1333 500 1390 pro
510 1313 569 1373 telo
581 1335 661 1375 etant
675 1318 848 1394 :multaque

161 1394 255 1455 etiam
283 1414 350 1453 curn
378 1390 473 1453 Graeci
498 1413 594 1455 mores
623 1395 814 1456 exolevissent
835 1436 850 1466 ,

158 1474 256 1552 stirpis
264 1470 647 1554 ostendebausv'estigia.Hic
655 1476 845 1537 exscensione

159 1554 240 1614 facta
255 1572 292 1612 cc
306 1568 335 1611 et
347 1573 364 1609 t
375 1550 463 1612 stadia
472 1552 609 1630 processit
621 1594 631 1622 ,
645 1554 847 1633 depopulatus·

158 1654 218 1712 que
231 1631 404 1714 regionem,
420 1632 557 1710 oppidum
568 1652 652 1710 caput
663 1634 722 1712 ejus
735 1654 846 1696 corona

160 1713 255 1791 cepit.
277 1732 317 1770 xs
330 1709 457 1789 peditum
472 1711 564 1772 millia
582 1713 638 1771 alia
654 1716 767 1793 gensis
783 1714 847 1791 ripa

160 1793 318 1853 fluminum
335 1808 529 1867 opposuerat,
549 1812 635 1869 quarn
655 1790 739 1855 amne
757 1813 845 1872 supe-

864 1706 876 1743 l

159 1871 273 1934 ratoin
287 1871 385 1951 fugam
402 1870 847 1951 compulit,inclusosquemoe·
870 1908 872 1913 v
952 1928 953 1931 ,
984 1896 986 1901 ·

157 1954 246 2013 nibus
264 1966 420 2032 expugnat.
446 1950 568 2030 Puberes
585 1951 725 2011 interfecti
751 1968 814 2012 sunt
831 1992 847 2021 ,

156 2032 250 2094 ceteri
273 2031 436 2093 venierunt.
459 2029 592 2090 Alteram
618 2029 718 2089 deinde
743 2034 847 2092 urbem

156 2106 849 2192 expugnareadortus,magnaquevidefenden-

155 2194 235 2253 tium
252 2191 371 2269 pulsus,
392 2190 500 2249 multos
521 2190 715 2251 Macedonum
735 2190 849 2256 amisit.

156 2270 219 2333 Sed
231 2292 299 2332 cum
310 2270 340 2329 in
352 2268 500 2329 obsidione
510 2288 735 2346 perseverasset,
758 2271 845 2349 oppi-

158 2352 230 2412 dani
238 2351 382 2428 desperata
389 2349 478 2409 salute
486 2349 583 2430 ignem
591 2350 736 2425 subjecere
748 2351 846 2419 tectis,

159 2452 191 2492 se
204 2450 319 2509 quoque
332 2450 367 2490 ac
381 2427 487 2489 liberos
499 2427 694 2509 coniugesque
706 2428 848 2488 incendio

160 2527 304 2579 tremant.
327 2506 417 2586 Quod
428 2528 495 2568 tutu
506 2498 559 2584 ipsi
570 2524 727 2589 augerent,
745 2504 845 2568 hostes

159 2591 379 2671 extinguerent,
391 2607 468 2647 nova
478 2587 573 2647 forma
582 2606 684 2668 pugnae
695 2606 766 2648 erat.
777 2586 846 2647 De·

158 2671 258 2732 lebant
271 2670 375 2730 incolae
388 2669 510 2739 urbem3
527 2665 623 2727 hostes
634 2666 846 2728 defendebant:
862 2686 864 2690 ·

158 2750 234 2810 adeo
248 2751 336 2810 etiam
352 2762 459 2807 naturae
473 2746 535 2826 jura
550 2746 660 2807 bellum
674 2748 705 2807 in
722 2763 840 2808 contra-

158 2830 234 2889 rium
247 2846 351 2891 mutat.
362 2829 423 2889 Arx
434 2826 728 2904 eratoppidiintacta,
743 2827 773 2887 in
783 2838 843 2905 q'ue
918 2837 932 2849 ³
965 2860 968 2868 ,

155 2910 320 2989 praesidium
329 2906 478 2987 dereliquit
489 2929 498 2969 t
508 2904 568 2988 ipse
578 2906 698 2989 nauigio
713 2906 840 2976 circumve
