2350 3967
342 492 397 560 ato
506 480 828 564 Q.cv1tr11

376 585 454 649 Cra.
463 583 519 648 IX.
530 584 616 647 Acies
627 605 724 647 autem
734 584 793 647 hoc
806 582 897 646 modo
911 575 1009 651 stede

335 665 518 728 Nabarzanes
536 666 662 744 equitatu
679 666 810 726 dextrum
828 686 919 727 cornu
937 683 1009 730 tue·

335 745 1007 828 betur,additisfttnditorumsagittariommque
1102 752 1103 755 ’

333 824 435 908 uiginti
448 825 506 886 sere
518 825 654 887 millibus.
665 826 698 885 Iu
709 824 813 886 eodem
829 824 1006 903 Thymodes

334 920 394 964 erat
410 903 519 966 Graecis
540 905 677 981 peditibus
696 905 827 965 mercede
850 905 1005 966 conductis

334 983 448 1064 triginta
458 983 582 1045 millibus
591 985 764 1062 prepositus.
774 984 843 1044 Hoc
852 1003 912 1044 erat
921 982 1005 1045 haud

333 1062 450 1124 dubium
463 1067 549 1124 robur
564 1066 719 1132 exercitus,
738 1084 789 1141 par
802 1064 1004 1124 Macedonicae

333 1140 469 1224 phalangi
479 1144 563 1203 acies.
574 1144 608 1204 ln
618 1144 692 1204 levo
703 1144 794 1202 cornu
803 1142 1003 1203 Aristomedes

334 1219 486 1284 Thessalus
502 1222 606 1302 viginti
614 1223 705 1282 millia
716 1223 900 1282 barbarorum
915 1221 1001 1299 pedi·

333 1313 394 1364 tum
415 1301 547 1364 habebat.
569 1303 604 1362 In
626 1301 752 1363 subsidiis
777 1303 1004 1380 pugnacissimas

330 1366 477 1443 locavdtat
493 1399 604 1462 gentes.
617 1383 713 1460 ipsum
728 1399 757 1439 re
778 1401 826 1440 em
843 1381 874 1440 in
891 1382 1000 1443 eodem

329 1482 421 1524 cornu
439 1461 701 1523 dimicaturumtria
712 1460 752 1520 mi
779 1460 803 1519 'a
820 1460 1008 1523 delectorum

330 1541 479 1618 equiturn,
493 1558 600 1602 assueta
610 1539 933 1618 corporiscustodiae,er
943 1559 999 1619 pe·

331 1620 427 1681 destris
440 1621 514 1682 acies
527 1621 711 1701 quadraginta
727 1619 820 1679 millia
836 1623 998 1697 sequeban-

330 1717 387 1762 tur.
398 1699 525 1774 Hyrcani
536 1700 655 1768 deinde,
669 1698 803 1774 Medique
813 1700 921 1775 equites
931 1723 940 1760 ε
951 1699 999 1762 his

329 1777 453 1858 proximi
473 1797 629 1838 ceterarum
645 1779 793 1859 gentium,
810 1778 906 1839 dextra
917 1780 999 1842 deva

331 1876 387 1936 que
404 1857 540 1934 dispositi.
560 1857 630 1920 Hoc
647 1876 773 1939 agmen,
794 1857 866 1919 sicut
886 1859 997 1920 dictum

246 1977 251 1988 -
330 1954 372 1999 est
388 1978 398 2007 ‚
413 1936 602 2005 instructum,
622 1958 671 1998 sex
691 1937 782 1998 millia
804 1938 1012 2014 iaculatorum·

326 2017 558 2094 funditorumque
574 2015 788 2079 antecedebant.
799 2016 947 2094 Quidquid
962 2017 999 2078 in

327 2093 384 2158 iuis
410 2097 544 2178 angustiis
564 2096 635 2155 adiri
652 2111 785 2172 poterat,
805 2096 999 2174 impleverant

327 2175 440 2253 copim
459 2193 621 2250 cornuaque
639 2173 707 2235 hinc
728 2196 746 2235 a
764 2174 855 2255 jugo,
877 2177 960 2238 illinc
975 2197 996 2239 a

326 2254 401 2314 mari
421 2255 529 2314 stabant
541 2274 550 2325 3
564 2274 687 2314 uxorem
703 2271 879 2332 matremque
897 2257 993 2348 regis,
1009 2285 1014 2294 ·

328 2350 358 2396 et
376 2333 465 2395 alium
487 2331 660 2395 feminarum
681 2354 799 2416 gregem
816 2333 846 2393 in
857 2337 995 2398 ‚medium

326 2432 431 2496 agmen
443 2431 622 2490 acceperant.
630 2414 794 2474 Alexander
803 2413 997 2497 phalangem,
1013 2465 1017 2472 .

326 2515 382 2570 qua
401 2490 473 2553 nihil
490 2491 562 2570 apud
580 2493 755 2554 Macedonas
771 2493 892 2554 validius
910 2511 994 2566 erat,

326 2571 356 2634 in
366 2573 459 2634 fronte
475 2571 630 2635 constituit.
640 2573 782 2634 Dextrum
798 2593 890 2633 cornu
899 2573 994 2636 Nica·

324 2673 381 2714 nor
390 2653 586 2714 Parmenionis
596 2651 671 2712 filius
680 2653 809 2711 tuebatur
820 2675 829 2712 a
840 2650 907 2712 huic
921 2675 995 2730 pro-‚
1010 2679 1017 2686 ·

325 2731 397 2792 ximi
408 2733 517 2792 stabant
525 2731 654 2799 Coenos,
666 2747 695 2791 et
705 2729 866 2800 Perdiccas,
884 2749 915 2793 et
924 2733 994 2794 Me·

324 2811 443 2889 leager,
469 2826 498 2870 et
515 2810 702 2880 Ptolemaeus‚
722 2825 751 2872 et
764 2810 931 2889 Amyntas,
948 2812 995 2873 sui

325 2889 442 2972 quisque
456 2890 578 2972 agminis
594 2891 690 2979 duqes.
700 2891 735 2955 ln
747 2891 822 2964 levo
833 2929 845 2965 ,
858 2892 938 2972 quod
956 2891 996 2956 ad
1012 2917 1019 2969 .'
