2350 3967
343 480 376 517 22
449 462 476 516 J.
510 464 702 515 FREINSH.
734 464 926 515 SUPPLEM.

343 550 473 607 incolunt,
493 548 648 615 castigaret:
663 565 764 614 namque
774 550 910 615 Cyrrhatum
926 565 1023 617 agrum

343 616 460 683 Apollini
482 614 608 676 dicatum,
626 617 838 682 Amphictyonum
862 616 1024 667 auctoritate

343 698 484 739 contemta,
503 685 587 733 colere
602 684 807 749 perseverabant3
826 684 964 749 dotemque
988 686 1026 734 ab

343 752 381 803 his
391 762 517 810 creatum,
535 750 673 801 interemtis
686 748 845 817 quibusdam,
863 752 1023 801 vulnerave-

343 834 407 871 rant.
422 822 480 867 Erat
494 832 545 869 turn
558 818 676 883 Philippo
690 819 767 867 foedus
780 834 835 867 cum
850 818 1025 869 Atheniensi·

343 886 403 944 bus,
416 886 458 936 sed
475 902 558 949 parurn
574 884 599 935 in
613 903 644 935 eo
661 884 765 949 praesidii
783 889 889 935 futurum
906 886 1024 937 arbim-

342 954 449 1011 bantur,
465 950 485 1000 si
495 953 546 1020 regi
556 951 678 1003 violanda
693 950 751 1001 fidei
764 969 857 1002 merces
870 953 1023 1005 affulsisset.

342 1020 423 1088 Igitur
437 1021 533 1084 legatos
550 1020 579 1071 ad
595 1020 675 1085 ipsum
689 1020 812 1078 mittunt,
829 1020 972 1085 petituros,
989 1038 1023 1073 ut

339 1090 421 1157 pactis
438 1103 534 1151 staret‚·
553 1104 596 1139 aut
613 1103 675 1140 certe
693 1102 749 1140 ante
761 1104 806 1139 ver
821 1090 935 1139 adultum
951 1091 1025 1140 nihil

343 1156 429 1209 hostile
442 1156 578 1207 moliretur.
596 1154 792 1207 Deliberaturum
804 1157 892 1206 intereo
898 1160 1023 1223 populum

344 1221 529 1282 Atheniensem,
548 1238 593 1289 pua
603 1223 696 1273 rarione
705 1224 894 1279 controversia,
912 1239 964 1287 quae
976 1222 1021 1270 in-

344 1288 471 1342 siderant,
488 1291 596 1357 componi
602 1305 706 1359 possent.
724 1289 819 1338 Thebas
834 1305 930 1354 quoque
947 1289 1024 1354 lega·

344 1354 439 1407 tio'ntm
456 1356 605 1414 decernunt,
620 1372 671 1421 quae
687 1356 800 1419 exposito
816 1358 934 1407 communi
948 1359 1023 1423 ptri-

344 1426 421 1482 culo,
444 1422 609 1481 hortaretur,
626 1424 744 1475 ursimui
761 1440 814 1473 cum
833 1424 890 1491 ipris
910 1427 1022 1473 tutelam

345 1490 448 1541 Graeciae
463 1492 617 1558 susciperent.
636 1491 682 1538 Sed
697 1488 825 1553 Philippus
839 1505 883 1552 per
902 1489 1024 1553 hospites

346 1572 372 1607 tt
381 1554 490 1617 amicos,
507 1572 610 1621 quorum
623 1556 764 1613 Timolaus,
784 1555 977 1621 Theogitonque
993 1570 1023 1607 et

343 1624 487 1675 'Anemoetas
500 1623 632 1687 plurimum
649 1623 712 1686 apud
726 1622 795 1673 cives
809 1641 866 1672 suos
874 1629 996 1687 poterant
1013 1662 1021 1682 ‚

346 1690 478 1741 Thebanos
489 1688 515 1739 in
529 1689 637 1740 amicitia
650 1690 812 1740 Macedonum
823 1690 956 1741 continuit.
966 1694 1024 1743 Ra-

347 1774 456 1822 tusque„
479 1756 499 1805 si
515 1776 571 1807 cum
588 1756 649 1806 solis
669 1757 861 1807 Atheniensibus
877 1760 956 1808 futura
979 1775 1023 1808 res

348 1838 426 1883 esset,
445 1823 557 1875 facilest
572 1823 723 1889 superiorem
737 1828 807 1882 fore,
822 1824 897 1874 victis
913 1827 942 1875 ad
952 1826 1022 1874 Am-

344 1892 452 1957 'phissatn
470 1890 556 1943 Locris
572 1906 704 1955 eorumque
720 1890 813 1950 sociis3
834 1892 861 1941 in
877 1892 1020 1943 Phocidem

343 1959 436 2025 'raptim
447 1959 522 2009 ducto
537 1958 651 2025 agmine,
667 1960 776 2009 Elateanr
785 1958 871 2009 finiisus
885 1961 1022 2010 Thebano-

347 2042 402 2077 rum
420 2026 492 2077 simul
508 2025 745 2090 Atheniensiumque
757 2025 924 2075 imminentem
943 2044 1023 2077 occu-

287 2118 292 2125 ·
342 2095 409 2158 pat,
428 2092 596 2159 impositoque
614 2090 751 2157 presidio,
771 2093 840 2144 reiut
854 2093 880 2143 in
897 2092 958 2143 belli
976 2112 1022 2144 sea

345 2162 426 2219 tiens,
450 2156 565 2224 operibus
587 2160 676 2210 munit.
692 2160 749 2220 Ejus
770 2160 804 2211 rei
823 2160 921 2211 nuntius
939 2178 1022 2212 nocto

348 2228 458 2277 Athenas
476 2227 585 2291 perlatus
601 2242 668 2277 tanta
682 2225 848 2291 trepidatione
863 2229 947 2279 urbem
969 2228 1022 2280 irn-

347 2293 447 2359 plevit3
470 2308 497 2343 ut
513 2308 567 2343 oum
581 2293 662 2359 prirno
678 2294 790 2345 diluculo
799 2297 905 2359 populus
920 2295 947 2345 in
957 2314 1021 2347 con-

348 2360 446 2411 cionem
463 2360 593 2419 venisset,
616 2362 739 2413 invitante
757 2380 787 2413 ex
804 2379 873 2412 inore
886 2380 1019 2427 precone,

349 2430 389 2497 oui
405 2431 513 2480 solutore
527 2431 618 2497 patrie
631 2432 757 2481 consilium
772 2428 884 2499 haberer,
901 2432 939 2482 uti
954 2434 1022 2483 dice-

349 2510 406 2555 rer,
423 2507 497 2545 nemo
511 2496 652 2547 surrexerit.
661 2496 749 2547 Donet
759 2495 940 2547 Demosthenes
956 2514 1020 2548 cott-

346 2562 459 2629 'gruentia
474 2562 581 2628 tempori
599 2563 732 2621 disserens,
746 2560 883 2628 persuasit,
897 2582 926 2617 ut
940 2566 1020 2618 eves.

346 2630 411 2702 tigio
428 2632 514 2682 classis
532 2646 554 2683 et
569 2633 688 2683 exercitus
705 2634 879 2695 edoceantur,-
896 2649 919 2685 tt
940 2634 1018 2683 levati

347 2710 402 2747 tum
418 2700 449 2747 od
465 2712 553 2749 ceteros
569 2696 685 2764 Grecos,
702 2714 753 2747 tum
774 2698 887 2766 inprimis
907 2700 938 2749 ari
994 2718 1019 2750 r-

332 2763 421 2814 ·-b'tttos
441 2762 605 2815 mitterentur.
623 2766 651 2811 in
671 2761 733 2813 hane
751 2764 897 2816 sententiam
913 2766 1017 2815 decreto

345 2832 434 2889 facto,
450 2828 540 2880 Chares
554 2844 580 2879 tt
590 2830 701 2897 ·Lysicles
716 2830 842 2897 copiarum
854 2832 1019 2897 imperatores

347 2892 497 2958 honstituti3
513 2888 694 2949 Demosthenes
706 2899 839 2967 legationis
847 2902 878 2951 ad
886 2900 1019 2953 Thebanos
