2350 3967
334 444 398 535 '⁴²3
517 445 562 530 Q.
602 446 848 513 cuntis

332 575 378 617 est
389 549 468 623 tuis,
485 546 598 629 quisuis
609 568 716 629 semper
727 589 738 619 ,
751 546 795 611 ire
807 568 858 627 quo
868 548 1018 629 jussens.

330 652 476 717 pugnare,
486 626 663 711 periclitari,
679 628 1019 708 sunguinenostroeorn·
1083 638 1084 709 i

333 711 462 775 mendare
468 708 630 791 posteritati
642 726 716 769 tuum
725 729 836 771 nomen.
854 706 977 773 Proinde
987 710 1022 773 si
1083 710 1084 713 ’

329 809 515 876 perseveras,
535 789 654 851 inermes
671 808 773 867 quoque
788 806 816 847 et
833 788 904 849 nudi
921 809 949 850 et
962 812 1023 853 ex·

333 890 456 953 sangues
467 910 478 941 ,
488 887 632 947 utcumque
645 867 696 929 nti
708 864 786 929 cordi
798 885 863 939 est,
875 869 1020 949 sequimur

332 950 379 1014 uei
389 946 588 1013 antecedimus.
598 944 655 1009 Sed
668 944 694 1007 si
703 945 798 1009 audire
809 946 856 1009 uis
867 947 1020 1029 nonfictas

332 1048 440 1090 tuorum
458 1026 578 1089 militurn
596 1046 700 1097 uoces,
727 1048 820 1089 uerum
842 1028 1020 1091 necessitate

331 1106 430 1171 ultima
443 1126 591 1188 expressas
601 1126 613 1177 ,·
624 1104 737 1187 prebe,
750 1126 844 1185 quaeso
854 1148 866 1176 ,
877 1107 1018 1190 propitias
1084 1158 1085 1163 ,

331 1208 415 1249 aures
427 1184 570 1267 imperium
580 1202 660 1264 atque
673 1184 829 1267 auspicium
841 1204 1018 1255 tuum'eorts·¹

333 1265 495 1329 tentissime
507 1264 632 1337 securis,
646 1282 672 1325 et
681 1284 848 1344 quocumque
859 1267 962 1348 pergit
972 1288 1018 1329 se-

334 1346 454 1410 cuturis.
472 1342 602 1415 Virisri,
621 1364 693 1413 rese,
710 1344 909 1425 magnitudine
927 1367 1020 1408 rerum

333 1447 389 1488 non
403 1425 497 1488 ieostes
509 1422 608 1494 modo,
626 1422 676 1485 sed
688 1422 772 1484 etium
784 1424 907 1487 milites.
920 1422 1017 1506 Quid-

332 1504 400 1586 quid
413 1503 567 1567 mortalitas
583 1522 680 1583 rapere
697 1523 751 1563 non
761 1521 899 1583 poterat,
918 1504 1019 1587 imple·
1085 1526 1086 1545 ³

333 1584 437 1649 vimus.
463 1582 595 1645 Emensis
620 1582 708 1643 mosia
737 1601 883 1662 terrasque
916 1584 1018 1647 mei-ius
1085 1632 1086 1647 2

334 1662 438 1733 nodis,
453 1684 533 1741 quarn
542 1659 644 1723 ineolis
658 1660 751 1723 omnia
763 1681 829 1723 nota
843 1682 925 1727 sunt.
935 1662 1018 1725 Pene

332 1742 365 1803 in
376 1742 472 1802 ultimo
489 1740 583 1803 mundi
596 1737 655 1820 fine
670 1741 862 1805 consistimus.
876 1740 911 1803 in
931 1743 1019 1805 aliurn

333 1820 427 1884 orbern
447 1842 531 1903 paras
552 1821 617 1891 ire,
637 1836 664 1881 et
682 1820 792 1885 indiam
810 1822 917 1899 quaeris
935 1822 1018 1885 Indis

333 1922 437 1982 quoque
456 1902 581 1980 ignotam
598 1926 607 1961 .·
626 1899 699 1961 inter
712 1898 793 1975 feres
816 1920 1018 1984 serpentesque
1086 1973 1087 1977 η

333 1980 467 2061 degentes
483 2001 576 2041 eruere
588 2000 624 2041 ex
638 1978 753 2041 iateiris
762 1997 789 2039 et
799 1978 943 2041 cubilibus
954 2002 1018 2043 suus
1086 2026 1087 2053 1

334 2060 465 2138 expetis,
481 2079 511 2119 ut
519 2056 621 2138 plana.
637 2080 716 2137 quam
726 2057 769 2119 soi
779 2057 877 2129 uider,
894 2061 1018 2125 uictoria
1086 2060 1087 2065 ἵ

332 2131 446 2201 iustres.
456 2136 559 2217 Digne
565 2158 681 2217 prorsus
691 2136 824 2217 cogitatio
836 2139 934 2201 animo
946 2159 996 2203 tuo
1003 2162 1018 2216 ‚·

333 2216 385 2279 sed
395 2215 477 2275 aisior
487 2235 597 2279 nostro.
610 2212 708 2278 Virtus
718 2216 792 2277 enirn
802 2235 851 2277 tua
860 2240 974 2302 semper
985 2222 1019 2285 in

331 2293 498 2357 incremento
514 2295 569 2355 erit
578 2315 594 2369 ,τ
607 2315 701 2357 nostra
713 2294 754 2357 uis
769 2298 797 2355 in
804 2294 870 2377 fine
881 2301 944 2379 jam
960 2320 1020 2369 est.

332 2374 446 2437 intuere
460 2395 571 2456 corpora
581 2376 749 2455 exsanguia,
759 2394 800 2435 rot
806 2376 938 2455 perfosso
950 2381 1018 2443 uui-

332 2453 469 2525 neribus,
491 2472 532 2515 tot
547 2454 848 2595 cicatricibusjurrio.
870 2458 940 2521 Jam
956 2460 1017 2523 tela

332 2532 443 2595 ieehetio
458 2553 524 2595 suat
542 2561 552 2594 .·
566 2534 626 2612 J'arn
641 2555 719 2594 arma
753 2532 886 2613 eficiunt.
897 2535 930 2600 V
925 2558 1016 2603 estem

331 2610 479 2674 Persicam
498 2610 662 2683 induimus,
680 2613 747 2693 quin
766 2616 924 2677 domestira
943 2616 1015 2679 sub-

330 2692 397 2753 uehi
407 2713 461 2755 non
486 2688 610 2754 otest.1n
621 2690 1015 2773 externumtiegenerauintus

328 2769 441 2831 ruitum.
453 2712 544 2852 duom
553 2770 649 2863 cuique
659 2756 745 2833 iorica
755 2776 824 2833 est?
835 2775 900 2853 quis
911 2797 1012 2857 equum

326 2844 435 2926 uocet
447 2850 514 2932 jube
526 2870 637 2937 quart..
652 2872 732 2935 guam
746 2850 847 2919 mulsos
862 2874 943 2921 serus
962 2876 1014 2940 m:
