2350 3967
84 2878 87 2939 i

353 460 377 531 b
396 468 411 532 1
428 459 497 532 B'E
514 468 541 533 R
585 466 633 537 v:
766 476 825 550 tit

147 562 322 653 'ignoscerem
333 563 387 632 Pro
397 570 553 630 necessario
564 590 597 632 ac
602 569 751 653 propinquo
761 592 828 649 suot

147 652 204 732 iam
221 672 278 711 uon
298 649 379 710 hoste
389 670 401 722 ;
422 647 472 709 sed
488 649 610 730 supplice
623 668 727 712 tantum
740 650 829 715 uitam

150 730 265 811 precari.
280 729 515 791 Moderationem
531 732 768 810 clementiamque
780 754 829 794 rc·

151 810 211 889 gis,
229 832 294 887 quae
304 829 376 870 tunc
386 808 465 884 fuit,
483 808 531 869 vel
541 829 598 874 una
611 809 670 870 haec
680 830 722 871 res
737 814 830 888 possit

153 892 297 963 ostendere
313 929 325 959 ,
338 909 398 949 non
411 886 519 947 Madati
531 888 620 949 modo
632 890 742 970 ignovit
754 910 763 963 3
777 890 829 959 sei

152 988 271 1037 omnes,
293 988 325 1029 et
345 968 476 1036 deditos,
498 983 528 1027 et
546 970 674 1046 captivos
694 970 831 1033 libertato

153 1065 231 1124 atque
244 1048 432 1108 immunitate
446 1046 582 1109 donavit:
594 1050 692 1109 urbem
710 1051 827 1129 reliquit

153 1125 283 1187 intactam
295 1152 305 1188 ε
318 1148 405 1209 agros
417 1124 477 1188 sine
487 1126 592 1188 tributo
608 1130 704 1188 colere
716 1132 825 1206 permi-

155 1207 196 1265 sit.
208 1208 359 1268 Avictore
369 1206 461 1266 Dario
470 1206 551 1283 piura
560 1220 652 1267 mater
662 1228 721 1267 non
731 1210 825 1287 impe-t

153 1300 254 1348 trasset.
264 1287 418 1347 Uxiorum
427 1286 526 1359 deinde
534 1304 650 1367 gentem
660 1290 822 1360 subactam,

151 1363 334 1427 Susianorum
345 1365 481 1444 Sattapiae
489 1366 660 1427 contribuit:
673 1367 823 1444 divisisque

154 1462 216 1503 cum
233 1444 426 1505 Parmenione
444 1444 554 1522 copiis,
573 1446 657 1505 illum
675 1445 822 1527 campestri

151 1518 247 1583 itinere
256 1522 410 1605 procedere
421 1526 518 1601 jubet3
536 1526 672 1605 ipsecum
687 1526 824 1603 expedito

154 1604 262 1682 agmine
283 1605 389 1688 iugum
408 1604 550 1664 montium
570 1604 672 1682 cepit,
698 1622 823 1683 quorum

151 1700 313 1759 perpetuum
334 1684 455 1744 dorsum
476 1684 506 1742 in
524 1683 666 1745 Persidem
686 1686 824 1753 excurrite

152 1760 239 1823 Omni
249 1764 302 1825 hac
315 1765 439 1843 regione
449 1780 574 1834 vastata,
596 1766 680 1825 tertio
692 1765 736 1831 die
749 1764 822 1829 Pers.

151 1842 254 1915 sidem3
269 1844 376 1921 quinto
386 1844 546 1923 angustias,
567 1865 635 1921 quas
646 1846 688 1907 ilii
700 1842 823 1907 Susidae

151 1914 230 2001 Pylas
238 1922 469 1990 vocant‚intrat.
479 1923 686 1984 Ariobarzanes
695 1923 744 1983 has
753 1943 821 1989 cum

151 2016 210 2063 axv
226 2005 355 2064 millibus
365 2002 491 2079 peditum
511 2022 700 2079 occupaverat
710 2022 791 2081 rupes
807 2042 821 2073 ,

150 2082 292 2153 abscissas,
304 2100 338 2143 ct
347 2081 471 2159 undique
480 2100 647 2159 prampras,
660 2083 820 2161 inquanm

152 2164 343 2222 cacuminibus
355 2178 436 2221 extra
447 2162 496 2220 teli
513 2161 619 2237 iactum
637 2162 746 2223 barbari
759 2180 821 2228 sta-t

153 2240 214 2299 bant
226 2242 295 2311 ,ce
314 2241 454 2301 industria
473 2239 583 2319 quieti,
605 2259 634 2303 ec
653 2242 821 2323 paventibus

152 2318 248 2381 similes
260 2344 270 2394 3
290 2323 390 2381 donec
403 2322 433 2379 in
444 2322 611 2382 arctissimas
624 2322 717 2383 fauces
729 2340 820 2401 pene·

150 2412 228 2460 traret
240 2420 360 2481 agmen.
378 2399 467 2477 Quod
479 2400 528 2460 ubi
542 2418 687 2462 contemtu
700 2402 742 2463 sui
748 2422 822 2539 ger·

151 2496 209 2557 gere
216 2480 407 2553 vident3tum
414 2480 611 2559 veroingentis
619 2480 747 2561 magnitu
766 2480 835 2541 init

153 2577 210 2619 saxa
227 2580 278 2636 per
293 2561 443 2620 montium
459 2568 547 2635 prona
562 2559 741 2621 devolvunt:
758 2578 820 2638 quae

84 2691 85 2708 ¹
150 2632 251 2699 incussa
269 2640 372 2719 sapius
383 2638 590 2715 subjacentibus
606 2638 691 2717 petris
707 2640 820 2719 majore=

85 2726 86 2739 ¹
149 2715 177 2776 si
193 2717 380 2787 incidebant,
409 2738 462 2777 nec
484 2718 609 2798 singulos
628 2719 741 2789 niodo,
768 2716 817 2781 sed

150 2798 254 2875 agmina
265 2799 463 2877 proterebant.
474 2795 577 2857 Fundis
585 2818 697 2875 quoque
709 2798 819 2863 excussi

149 2871 246 2953 &pidet
270 2894 302 2943 et
327 2876 439 2959 sagitta
460 2876 659 2959 ingerebantur
680 2878 818 2960 undiquec
