2350 3967
339 460 417 539 Μ’
523 447 905 539 Q.'c'U·R‘T11·
1012 536 1014 541 ,

342 578 458 643 quoque
476 558 605 621 militaris
622 559 662 619 rei
677 558 812 637 pleraque
830 552 1026 638 amajo‘nb‘rt

338 642 441 703 tradita
460 640 569 700 utiliter
592 639 728 699 mutavit·
757 638 839 699 Nam
862 658 931 699 cum
953 656 1022 701 ante

340 720 449 797 equites
466 719 496 778 in
514 716 596 779 ¹suam
608 718 722 811 quisque
740 734 857 798 gentem
875 718 1023 780 describe·

343 816 440 861 rentur
448 814 856 869 seorsumaceteris3exemto
866 815 1022 860 nationum

340 878 505 939 discrimine
518 878 681 956 {prefectis
693 916 702 949 ,
722 896 781 936 non
793 877 891 953 utique
903 898 1022 939 tuarum

342 959 496 1041 gentium,
519 958 566 1018 sed
588 956 726 1025 delectis,
749 956 886 1019 attribuit.
908 956 1023 1029 Tuba,

342 1058 411 1100 cum
424 1054 513 1097 castra
528 1056 647 1097 movere
658 1037 764 1119 vellet,
783 1035 897 1117 signum
912 1036 1023 1107 dabat,

341 1116 1024 1195 eujustonesplerumque,tumultuantiumlre-

343 1197 418 1256 mitu
437 1197 605 1265 exoriente,
623 1194 696 1259 haud
714 1195 778 1255 satis
794 1194 1021 1257 exaudiebatur:

276 1334 284 1347 ,
344 1293 417 1357 ergo
433 1276 589 1353 perticam,
604 1296 663 1352 quae
676 1274 797 1351 undique
813 1274 942 1350 conspici
952 1294 1023 1353 pos·-

344 1372 389 1416 set
396 1394 405 1424 ‚
413 1376 495 1432 supra
503 1356 664 1433 pretorium
675 1355 786 1423 statuit,
793 1373 829 1413 ex
838 1374 892 1429 qua
903 1354 1022 1433 signum

345 1435 491 1496 eminebat
513 1436 618 1513 pariter
642 1434 773 1495 omnibus
797 1433 987 1510 conspicuum
1009 1455 1021 1496 ε

345 1516 548 1575 observabatur
557 1514 629 1596 ignis
641 1510 749 1582 noctu,
773 1511 867 1572 fumus
882 1513 1022 1579 interdiu.

321 1661 325 1665 ¹
347 1592 472 1671 Jamque
491 1593 560 1652 Susa
581 1593 692 1653 adituro
714 1590 868 1661 Abulites,
891 1592 1022 1673 regionis

347 1671 410 1749 ejus
423 1672 585 1749 prefectus,
604 1673 664 1733 sive
682 1670 764 1733 Darii
783 1671 856 1746 iussu
869 1710 878 1741 ‚
892 1688 926 1732 ut
943 1674 1020 1733 Ale·

346 1751 486 1811 xandtum
499 1751 589 1828 preda
601 1752 751 1823 retinerem
772 1750 829 1810 sive
840 1768 961 1827 sponte,
981 1751 1020 1811 fi-

346 1830 421 1891 liurn
442 1830 558 1892 obviam
576 1831 672 1903 misit,
695 1827 856 1891 traditurum
875 1848 907 1891 te
926 1829 1022 1911 urbere
1103 1884 1104 1889 ,

341 1910 525 1989 promittens.
537 1911 664 1992 benigne
676 1910 810 1990 juvenem
822 1910 935 1989 excepit
945 1930 1021 1983 retr,
1103 1910 1104 1964 ἶ

343 2006 372 2051 et
384 2009 422 2049 eo
433 1989 507 2051 duce'
515 1991 550 2052 ad
566 1989 719 2068 Choaspen
731 2009 846 2050 amnem
864 1992 1021 2068 peruenit,

343 2069 495 2129 delicatam
507 2108 518 2139 ,
536 2085 567 2130 ut
577 2070 652 2130 fama
663 2086 704 2130 est
715 2110 725 2140 ,
737 2068 889 2131 vehentem
899 2088 1019 2147 aquam'.

343 2144 402 2208 Hic
415 2147 546 2208 Abulites
558 2170 625 2209 cum
645 2148 727 2213 donis
746 2148 846 2233 regalis
864 2151 1021 2226 opulentia

342 2227 477 2287 occurrit.
486 2228 647 2289 Dromades
658 2228 761 2291 cameli
772 2232 845 2289 inter
853 2229 1022 2293 donaerant

342 2304 504 2369 velocitatis
514 2307 646 2379 eximiae3
663 2326 714 2369 xri
734 2306 904 2387 Elephanti,
927 2308 1021 2371 aDa-

343 2382 390 2447 rio
410 2404 447 2446 ert
465 2385 670 2458 india-acciti,
690 2408 750 2448 non
771 2388 830 2468 jam
850 2406 965 2459 terror,
985 2404 1021 2452 ut
1100 2446 1101 2451 ,

345 2480 528 2542 speraverant
537 2466 755 2538 ,Macedonum
767 2490 778 2541 ς
797 2466 844 2528 sed
856 2468 996 2529 auxilium
1008 2487 1020 2533 t

345 2546 491 2621 opesvicti
499 2547 534 2607 ad
542 2546 682 2608 victorem
691 2546 1020 2612 transferenterortuna

346 2622 392 2684 Ut
407 2644 479 2685 uero
494 2629 594 2689 urbem
609 2626 745 2697 intravit,
766 2627 961 2689 incredibilem
980 2646 1019 2688 ex
1099 2628 1100 2643 ³

344 2700 481 2793 thesauris
491 2725 633 2766 summam
643 2707 768 2783 pecuniae
777 2707 901 2800 egessit3
917 2707 1020 2767 nmil-

345 2779 386 2840 lia
404 2784 541 2845 talentum
559 2786 687 2866 argenti,
709 2806 768 2847 non
784 2789 886 2869 signati
901 2786 1033 2855 formas

344 2858 394 2922 ted
410 2862 472 2924 radi
487 2864 627 2947 pondere.
644 2864 732 2927 Multi
747 2885 827 2948 reges
841 2884 932 2931 tenus
947 2878 1020 2947 opat
