2350 3967
372 460 653 539 ΗΒΕΗΩ
784 482 845 553 '537
1007 458 1012 485 '

172 579 245 645 1035
265 569 359 634 ⁴fortes
378 573 456 635 viros
479 593 531 651 pto
551 576 692 635 concione
714 571 849 637 donantis

172 655 362 716 occurrebant
379 653 480 714 oculis.
498 651 576 713 Turn
589 654 761 714 Macedones
771 652 848 713 divi·

173 752 225 794 nos
239 731 357 792 honores
366 751 485 809 negasse
497 733 523 792 ei
533 733 710 810 poenitebat;
730 731 846 812 impios-2

171 831 224 891 que
233 827 262 870 et
270 808 395 889 ingratos
399 808 493 883 fuisse
502 831 530 872 se
540 806 846 888 confitebantut,qrtod
928 859 932 866 .

171 904 256 950 aures
273 889 333 966 ejus
349 885 442 948 dehita
459 886 640 968 appellatione
649 887 845 964 fraudassent.

172 967 211 1029 Et
221 987 288 1028 cum
301 967 347 1026 diu
359 987 435 1027 nunc
450 967 480 1026 in
499 969 703 1037 veneratione,
721 980 797 1029 nunc
810 967 844 1028 in

173 1045 313 1108 desiderio
336 1047 409 1126 tegis
428 1044 592 1120 haesissent3
618 1047 647 1107 in
668 1048 744 1126 ipsos
763 1065 845 1110 verca

172 1123 320 1186 miseratio
348 1141 400 1186 est.
430 1125 601 1186 Macedonia
623 1127 743 1203 profecti
768 1127 844 1188 ultra

172 1201 338 1281 Euphraten
357 1203 457 1264 mediis
475 1203 602 1264 hostibus
618 1223 729 1266 novum
747 1204 844 1282 impe·

172 1282 250 1344 rium
260 1282 470 1359 aspernantibus
479 1283 624 1344 destitutos
635 1303 664 1344 se
669 1301 733 1374 esse
745 1301 845 1343 cerne·

172 1363 243 1421 bant
256 1382 267 1433 ς
285 1359 345 1420 sine
356 1378 434 1422 certo
448 1364 520 1442 regis
530 1361 655 1431 herede,
671 1381 730 1422 stne
741 1359 845 1422 herede

170 1440 254 1520 regni
269 1440 396 1518 publicas
405 1439 478 1500 vites
490 1440 523 1502 ad
542 1462 571 1502 se
581 1461 723 1518 quemque
736 1456 844 1500 tractu·

169 1541 250 1582 rum.
262 1519 341 1578 Bella
352 1518 451 1579 deinde
462 1520 573 1590 civilia,
586 1543 647 1597 quae
655 1536 754 1596 secuta
763 1535 844 1588 sunt,

169 1597 315 1660 mentibus
338 1599 565 1679 augurabantur:
580 1599 704 1668 iterum,
730 1619 784 1658 non
808 1595 845 1658 tle

170 1695 259 1754 regns
271 1673 372 1746 Asiae,
388 1675 438 1735 sed
450 1671 559 1768 detege
569 1719 580 1747 ,
599 1678 609 1737 i
627 1677 669 1737 sis
680 1676 844 1757 sanguinem

171 1775 240 1817 esse
249 1751 447 1830 fundendum
466 1775 545 1818 novts
563 1699 720 1818 vuitnibes
737 1773 846 1816 veteres

169 1831 337 1924 rutnpendes
348 1833 510 1924 cicatrices,
521 1855 621 1904 senes,
630 1834 753 1904 debiles,
765 1833 844 1895 mode

167 1929 261 1996 petzta
276 1931 408 1972 mtsstone
419 1934 435 1972 a
448 1914 523 1990 justo
539 1934 624 1994 tege,
641 1934 712 1974 nunc
725 1912 843 1973 moritu-

169 2011 219 2053 ros
235 2009 283 2069 pto
301 1990 424 2070 potentia
434 1989 559 2067 forsitan
574 1989 707 2052 satellitis
723 1990 843 2069 alicujus

170 2066 318 2151 ignobilis.
328 2069 389 2130 Has
399 2070 587 2151 cogitationes
594 2070 844 2134 volventibusnox

171 2149 354 2225 supervenit,
373 2167 564 2228 terroremque
579 2151 669 2210 auxit.
688 2149 795 2212 Milites
810 2150 845 2212 in

169 2229 261 2290 armis
276 2228 450 2309 vigilabantt
463 2230 612 2307 Babylonii
623 2229 693 2290 alius
705 2251 722 2289 e
733 2230 819 2290 muris
828 2267 844 2299 s

168 2307 245 2368 alius
257 2308 382 2368 culmine
401 2309 572 2386 sui-quisque
590 2310 657 2369 tecti
676 2326 846 2386 prospecta-¹

169 2389 241 2448 bant
254 2423 264 2454 ‚
283 2386 361 2464 qt'tasi
372 2386 492 2446 certiora
503 2386 605 2448 visuri}
615 2386 680 2447 Nec
692 2385 844 2464 quisquam

168 2465 281 2527 lumina
292 2464 411 2526 audebat
421 2465 574 2526 accendere
587 2487 598 2536 ς
618 2483 647 2525 et
657 2465 721 2542 quin
734 2466 842 2525 oculo·

168 2563 237 2607 rum
249 2545 374 2605 cessabat
383 2565 447 2623 usus
460 2581 470 2613 ‚
488 2543 616 2606 fremitus
630 2562 774 2620 vocesque
787 2565 845 2604 atr*

170 2623 248 2686 ribus
260 2625 409 2701 captabant
421 2645 430 2684 t
446 2643 480 2684 ac
496 2623 662 2701 plerumque
674 2642 749 2682 vano
760 2639 842 2683 metu

169 2702 260 2766 territi
275 2721 325 2778 pet
334 2703 465 2765 obscuras
482 2703 616 2768 semitas,
639 2703 709 2762 alius
728 2701 775 2760 alii
786 2722 841 2762 oc-

168 2799 333 2849 cursantes,
352 2781 477 2841 invicem
492 2781 612 2859 suspecti
626 2799 655 2841 et
665 2781 781 2841 solliciti
793 2781 841 2842 fe·

163 2863 311 2926 sebanntt.
329 2857 419 2924 Persa
429 2860 521 2926 comis
531 2881 583 2926 suo
599 2880 681 2924 more
695 2860 846 2937 mense.
