2350 3967
328 438 358 491 ss
428 400 456 493 Ι,
489 438 678 492 e-REINSH.
714 434 914 491 sunniatas

325 526 415 585 ssibus,
438 526 545 578 erarium
567 525 717 577 exhauserat.
745 525 896 576 Macedonis
918 523 1000 577 etiarn

325 588 483 646 instauranda
493 594 652 657 ornandaeque
661 608 762 669 magnos
777 610 870 643 sumtus
884 597 1002 651 fecerat,

324 678 381 711 curn
387 659 571 739 pauperrimam
587 659 730 723 accepisset.
749 660 851 722 Ipsum
844 675 909 710 anter
924 659 998 709 initia

323 726 394 793 regni
414 736 513 779 tenuem
531 726 630 785 fuisse,
651 742 679 777 et
696 742 751 775 curn
771 743 800 777 ex
820 728 1002 804 quinquaginta

322 794 446 845 drachmis
471 793 524 845 auti
540 764 658 859 peculiam
677 793 803 853 haberet,
832 794 859 843 id
885 795 999 845 cubitum

322 864 422 912 cuntem
446 861 521 927 capiti
538 862 669 922 subjecisse
689 859 800 925 plerique
823 861 1001 914 meminerant·

323 930 405 992 Hujus
422 944 482 995 ergo
503 926 569 978 filius
585 928 653 979 bello
668 926 810 978 i'acessivit
813 944 897 995 regem
910 930 1000 979 Persa-

323 1008 395 1054 turn,
417 997 456 1045 cui
471 1012 582 1048 somnum
597 993 704 1059 capienti
721 993 826 1060 quinque
843 998 997 1047 talentorum

324 1062 376 1113 auri
388 1032 470 1113 ’mihis
481 1080 539 1141 pro
542 1061 657 1113 cervicali
674 1097 681 1119 ‚
705 1062 752 1113 tria
768 1063 863 1126 argenti
877 1081 925 1127 pro
943 1082 998 1113 sca-

322 1131 410 1189 bello,
430 1132 474 1181 sub
484 1128 567 1209 capite
581 1129 732 1195 pedibusque
745 1129 853 1191 lectuli,
865 1130 997 1194 peculiari-

322 1197 368 1261 bus
383 1169 503 1249 cubiculis
519 1199 699 1276 servabantur:
717 1213 848 1261 quanquam
865 1199 895 1249 ad
910 1214 996 1262 pater-

321 1281 380 1315 num
394 1264 537 1316 aesaliemam
552 1265 695 1333 octingenta
708 1264 807 1327 insuper
819 1265 928 1325 talenta,
943 1281 996 1331 qua

320 1332 376 1411 ipse
388 1348 473 1387 mutuo
489 1348 623 1392 sumserat,
645 1330 783 1393 adiecisset.
797 1334 833 1381 Ex
848 1333 976 1407 quibus
950 1351 997 1384 vat

319 1399 416 1451 decima
431 1399 516 1466 portio
532 1416 669 1465 supererat.
660 1397 790 1451 ‚solvisse
804 1414 884 1449 autem
900 1398 1000 1450 dicitur·

319 1468 455 1521 Timotheo
467 1468 534 1520 tibiis
549 1466 712 1525 concinente,
730 1482 868 1531 summaque
883 1467 997 1519 militeun

318 1534 464 1595 alacritate,
481 1552 540 1601 opes
557 1534 731 1590 barbarorum,
747 1551 809 1597 quos
823 1550 997 1600 oppugnarunt

323 1602 405 1661 irent,
425 1600 589 1655 certafiducia
599 1598 839 1651 sibidestinanrium.
849 1603 905 1650 Hoc
915 1603 999 1655 modo

321 1686 366 1735 per
382 1672 478 1729 lacum,
497 1686 571 1745 quem
585 1666 786 1719 ιιῐιίιιίιιιοιιιίι
798 1667 897 1719 nornine
910 1670 995 1721 Cerci

322 1741 388 1791 nitra
404 1752 513 1795 uocant,
531 1734 572 1787 ubi
588 1737 689 1787 ciatrem
704 1735 827 1793 habebar,
845 1734 998 1813 insumus-¹

322 1818 377 1853 nem
391 1802 522 1861 invectus,
537 1801 722 1878 Amphipolin
738 1816 765 1852 et
778 1774 868 1853 deiide
883 1805 913 1855 ad
928 1803 1001 1857 ostia

320 1870 457 1939 Strymonis
472 1870 610 1947 processit:
619 1886 668 1933 quo
682 1870 801 1930 trajecto,
818 1886 904 1933 praeter
918 1888 997 1923 mon-

320 1952 371 1989 tem
381 1939 524 2013 Pangaeum,
535 1935 778 2015 νῐιιιιίιιςιςιιιιιιιι
787 1954 855 2015 ‚quae
865 1938 996 1994 Abderam

319 2021 346 2057 et
355 1996 496 2061 Maroneam
511 2004 589 2057 ducit.
598 2004 679 2055 Nam
672 2021 697 2055 ιιι
708 2002 803 2055 litore
796 2019 841 2056 rrer
853 2006 949 2059 facere
942 2024 995 2057 ms·

318 2072 439 2132 tituerat,
454 2089 481 2127 ιιι
491 2072 593 2127 navibus
603 2070 669 2132 suis,
687 2088 737 2137 quae
746 2073 812 2134 juxta
821 2074 972 2152 ducebantur
982 2113 996 2134 ,

317 2138 434 2217 prasidio
441 2155 516 2196 esset,
526 2136 632 2189 srPersae
639 2141 705 2189 forre
713 2139 892 2198 occurrissent,
900 2140 994 2207 quippe

317 2206 360 2257 isti
377 2206 519 2259 numeriam
533 2205 607 2255 maris
622 2204 753 2270 imperium
770 2205 922 2261 obtinebanh
940 2208 996 2272 lpsi

318 2272 384 2325 enirn
408 2272 508 2327 modies
531 2272 639 2332 crassis,
664 2289 689 2324 at
708 2276 773 2339 apud
791 2275 872 2325 hostes
882 2276 994 2354 Cypria

317 2338 494 2419 Phunicieque
509 2356 600 2399 naves,
620 2341 757 2419 assuetique
773 2342 901 2397 maritimis
919 2345 995 2397 rebus

316 2406 450 2465 classiarii,
468 2424 493 2459 et
510 2408 705 2459 exercitatissimi
719 2409 822 2486 remiges
836 2426 912 2463 erant
924 2414 996 2467 Nam

317 2444 481 2533 Macedonis,
481 2492 574 2540 nuper
588 2490 684 2529 tentato
701 2475 774 2527 maris
788 2476 911 2541 imperio,
929 2496 993 2530 non-

317 2544 377 2595 dum
390 2544 527 2597 abundabat
536 2543 657 2597 navibus¹
650 2576 658 2603 ,
674 2558 720 2594 eta
730 2542 806 2597 sotiis
815 2546 922 2611 maligne
931 2564 992 2625 prn-

316 2610 446 2663 bebantur.
459 2611 539 2663 Etiam
554 2609 735 2670 Athenienses,
752 2628 808 2665 curn
824 2614 876 2664 ab
870 2630 877 2663 ι
879 2613 928 2678 psis
945 2614 993 2665 tri

317 2696 398 2731 manes
411 2693 569 2743 peterentur,
589 2694 683 2732 tanturn
693 2679 735 2730 XX
746 2677 882 2732 miserunt:
900 2698 992 2747 sugge-

316 2742 427 2798 tentibus
448 2761 533 2799 eorum
557 2744 713 2801 oratoribus,
728 2747 861 2813 periculum
877 2767 943 2808 esse,
960 2768 994 2808 na

316 2818 390 2865 alasse
378 2828 493 2889 accepta
502 2830 555 2865 con
548 2828 586 2861 ra
597 2830 653 2869 tos,
661 2813 712 2888 qui
716 2814 851 2873 misissent,
868 2832 994 2869 ureretur„

314 2876 383 2961 Σι’“
365 2895 396 2933 us
410 2878 476 2935 hocas
485 2880 519 2937 ad
525 2876 636 2960 Hebrum
651 2877 758 2948 flurium
771 2880 925 2970 ιοιιιιιιᾰίιξ
936 2900 993 2958 pua
