2350 3967
295 492 298 497 .
336 446 395 516 284
516 439 558 521 Q.
590 385 846 505 'CURTll

336 542 441 611 servis,
463 539 511 618 qui
527 560 626 621 regern
643 542 878 612 comitabantur,
898 542 1019 609 occisast

335 620 405 683 Hoc
415 620 492 681 edito
505 620 653 690 facinore,
673 640 706 683 ut
716 623 834 702 vestigia
845 622 922 704 fugae
933 643 1016 701 spat·-

355 717 455 769 erent,
481 697 665 761 Nabarzanes
687 700 887 780 Hyrcaniam,
912 704 1016 764 Bessus

334 723 457 849 {actm
473 779 570 857 paucis
582 782 709 859 equitum
719 780 944 851 comitantibus,
961 803 1017 861 pe·

334 858 1015 938 rebantzbarbariducibusdestituti,quaquem-

335 959 390 1019 que
402 956 451 1001 aut
465 956 529 1017 ¹spes
539 940 681 1007 ducebat,
698 956 747 999 aut
756 960 868 1017 pavor,
890 941 1014 1019 dissipa·

333 1024 436 1081 bantur
452 1042 460 1079 r
480 1040 500 1079 u
516 1035 628 1093 tanturn
642 1019 749 1096 equites
764 1037 1015 1101 congregaverant

334 1118 387 1169 se,
407 1098 508 1159 incerti
523 1094 637 1167 adhuc,
658 1098 821 1160 resisterene
838 1100 942 1161 melius
962 1120 1015 1179 es-

332 1180 395 1249 s'et,
417 1198 454 1239 an
473 1176 582 1259 lugere.
601 1178 785 1246 Alexander,
805 1180 934 1240 hostium
951 1196 1014 1239 tre-

333 1257 1014 1351 pidation'ecomperta,Nicanoremeumequi-

1097 661 1099 770 l

1097 773 1099 824 ¹

335 1356 399 1401 turn
408 1350 487 1417 pa'rte
497 1338 531 1397 ad
542 1331 725 1397 inhibendam
734 1338 833 1419 fugam
843 1356 1011 1415 praenumt:
1097 1389 1098 1406 ,

335 1418 396 1499 ipse
413 1438 479 1479 cum
491 1417 590 1479 ceteris
608 1416 742 1495 sequitur.
757 1436 801 1476 111
810 1418 902 1479 ferme
916 1419 1016 1479 millia·

336 1496 525 1561 resistentium
543 1496 636 1557 occisa
648 1514 732 1570 sunt3
745 1498 887 1575 reliquum
903 1518 1013 1579 agmen

335 1598 419 1641 more
428 1576 569 1655 pecudum
578 1577 717 1637 intactum
728 1578 879 1660 agebatur,
892 1577 1014 1656 jubente

335 1677 424 1741 tege,
445 1672 476 1715 ut
489 1652 610 1717 caedibus
622 1654 816 1718 abstineretur.
827 1654 929 1717 Nemo
939 1678 1012 1736 cap-

335 1739 464 1799 tivorum
474 1752 551 1805 erat,
568 1736 618 1813 qui
629 1752 786 1797 monstrare
794 1733 877 1796 Darii
888 1737 1013 1799 vehicu-

335 1816 398 1877 lum
407 1832 523 1895 posset=
538 1812 662 1897 singuli,
678 1834 710 1875 ut
722 1835 838 1895 quaque
846 1814 1012 1894 prehende·

336 1913 424 1966 rant,
440 1896 634 1958 scrutabantur
643 1907 657 1971 ς
670 1914 725 1956 nec
735 1912 832 1956 tamen
841 1896 936 1956 ullum
946 1918 1014 1958 ves-
1097 1921 1098 1928 ¹

335 1974 439 2057 'tigium
464 1974 538 2058 fugae
564 1976 638 2068 regis
663 1978 788 2036 extabat.
813 1970 1034 2038 Festinantem

334 2054 533 2117 Alexandnnn
545 2074 595 2116 vix
606 2056 657 2115 tria
668 2053 760 2115 millia
775 2055 903 2132 equiturn
915 2076 1013 2134 perse·
1097 2097 1098 2100 ι

335 2151 401 2197 cura
411 2150 486 2195 sunt.
497 2133 538 2193 At
547 2134 576 2191 in
588 2153 658 2203 eos,
675 2136 723 2213 qui
733 2134 836 2194 lentius
847 2138 1011 2213 sequeban-

335 2232 391 2281 tur,
399 2210 871 2295 incidebantuniversafugientium
879 2215 1013 2296 agmina.

334 2290 396 2353 Vix
407 2288 540 2352 credibile
552 2290 651 2363 dictu,
670 2295 763 2372 plures
775 2292 901 2370 captivi,
920 2316 1010 2371 quam

334 2371 387 2450 qui
395 2387 547 2450 caperent,
564 2388 644 2432 erant
657 2397 665 2434 ι
679 2374 752 2433 adeo
762 2388 881 2433 omnem
894 2392 1010 2436 sensum
1097 2437 1098 2440 ,

334 2452 437 2514 territis
448 2450 560 2513 fortuna
578 2453 689 2529 penitus
705 2469 885 2522 excusserat,
909 2470 942 2513 ut
954 2474 1010 2516 nec

334 2530 460 2607 hostium
483 2530 687 2611 paucitatem,
715 2552 771 2592 nec
792 2530 1009 2597 multitudinem

335 2634 416 2673 suam
437 2611 501 2672 satis
521 2628 681 2672 cernerent.
708 2609 827 2672 Interim
847 2611 1008 2687 jumenta,

334 2708 396 2769 quae
406 2690 528 2751 Darium
542 2690 704 2761 vehebant,
723 2691 806 2751 nullo
820 2708 852 2750 re
873 2686 942 2753 ente
957 2690 1009 2755 ἀφ’

334 2788 475 2830 cesserant
483 2770 600 2853 militari
613 2770 661 2832 via
672 2810 683 2841 ,
705 2787 734 2831 et
744 2787 841 2832 errore
851 2711 946 2833 ielata
958 2792 1010 2852 per

331 2865 368 2911 ¹v
380 2848 488 2923 stadia,
509 2850 540 2913 in
557 2849 681 2931 quadam
695 2850 773 2919 ualle
794 2852 986 2919 constiterant
992 2873 1010 2935 t'

415 2963 420 2989 l
