<?xml version="1.0" encoding="UTF-8"?>
<!DOCTYPE html PUBLIC "-//W3C//DTD XHTML 1.0 Transitional//EN"
    "http://www.w3.org/TR/xhtml1/DTD/xhtml1-transitional.dtd">
<html xmlns="http://www.w3.org/1999/xhtml" xml:lang="en" lang="en">
 <head>
  <title>
</title>
<meta http-equiv="Content-Type" content="text/html;charset=utf-8" />
  <meta name='ocr-system' content='tesseract 3.04.00' />
  <meta name='ocr-capabilities' content='ocr_page ocr_carea ocr_par ocr_line ocrx_word'/>
</head>
<body>
  <div class='ocr_page' id='page_1' title='image "./qcurtiirufidere01rufugoog_0061.png"; bbox 0 0 2350 3967; ppageno 0'>
   <div class='ocr_carea' id='block_1_1' title="bbox 348 450 921 513">
    <p class='ocr_par' dir='ltr' id='par_1_1' title="bbox 348 450 921 513">
     <span class='ocr_line' id='line_1_1' title="bbox 348 450 921 513; baseline -0.003 -10"><span class='ocrx_word' id='word_1_1' title='bbox 348 462 377 513; x_wconf 74' lang='lat'>38</span> <span class='ocrx_word' id='word_1_2' title='bbox 446 450 471 505; x_wconf 77' lang='lat' dir='ltr'>J.</span> <span class='ocrx_word' id='word_1_3' title='bbox 506 453 692 505; x_wconf 83' lang='lat' dir='ltr'><strong>FREINSH.</strong></span> <span class='ocrx_word' id='word_1_4' title='bbox 726 452 921 504; x_wconf 80' lang='lat' dir='ltr'><strong>SUPPLEM.</strong></span> 
     </span>
    </p>
   </div>
   <div class='ocr_carea' id='block_1_2' title="bbox 334 538 1023 1543">
    <p class='ocr_par' dir='ltr' id='par_1_2' title="bbox 334 538 1023 1543">
     <span class='ocr_line' id='line_1_2' title="bbox 346 538 1021 603; baseline -0.001 -11"><span class='ocrx_word' id='word_1_5' title='bbox 346 542 435 597; x_wconf 86' lang='lat' dir='ltr'>ludos,</span> <span class='ocrx_word' id='word_1_6' title='bbox 453 538 493 603; x_wconf 87' lang='lat' dir='ltr'>qui</span> <span class='ocrx_word' id='word_1_7' title='bbox 512 540 665 603; x_wconf 80' lang='lat' dir='ltr'>superiorum</span> <span class='ocrx_word' id='word_1_8' title='bbox 683 538 778 589; x_wconf 85' lang='lat' dir='ltr'>dierum</span> <span class='ocrx_word' id='word_1_9' title='bbox 795 540 934 602; x_wconf 82' lang='lat' dir='ltr'>spectacula</span> <span class='ocrx_word' id='word_1_10' title='bbox 954 538 1021 591; x_wconf 84' lang='lat' dir='ltr'>luxu</span> 
     </span>
     <span class='ocr_line' id='line_1_3' title="bbox 344 605 1023 673; baseline -0.006 -14"><span class='ocrx_word' id='word_1_11' title='bbox 344 624 370 659; x_wconf 88' lang='lat' dir='ltr'>et</span> <span class='ocrx_word' id='word_1_12' title='bbox 380 605 558 673; x_wconf 74' lang='lat' dir='ltr'>magnificentia</span> <span class='ocrx_word' id='word_1_13' title='bbox 573 608 649 673; x_wconf 78' lang='lat' dir='ltr'>longe</span> <span class='ocrx_word' id='word_1_14' title='bbox 661 606 798 671; x_wconf 79' lang='lat' dir='ltr'>superaturi</span> <span class='ocrx_word' id='word_1_15' title='bbox 807 606 963 658; x_wconf 82' lang='lat' dir='ltr'>diccbmtur.</span> <span class='ocrx_word' id='word_1_16' title='bbox 978 612 1023 655; x_wconf 85' lang='lat' dir='ltr'>ln-</span> 
     </span>
     <span class='ocr_line' id='line_1_4' title="bbox 345 672 1022 737; baseline -0.001 -12"><span class='ocrx_word' id='word_1_17' title='bbox 345 690 383 729; x_wconf 88' lang='lat' dir='ltr'>ter</span> <span class='ocrx_word' id='word_1_18' title='bbox 399 674 446 723; x_wconf 84' lang='lat' dir='ltr'>alia</span> <span class='ocrx_word' id='word_1_19' title='bbox 462 672 548 737; x_wconf 87' lang='lat' dir='ltr'>quibus</span> <span class='ocrx_word' id='word_1_20' title='bbox 566 672 662 725; x_wconf 84' lang='lat' dir='ltr'>divitiis</span> <span class='ocrx_word' id='word_1_21' title='bbox 676 673 781 723; x_wconf 75' lang='lat' dir='ltr'>illudere</span> <span class='ocrx_word' id='word_1_22' title='bbox 794 675 878 722; x_wconf 83' lang='lat' dir='ltr'><strong>solent</strong></span> <span class='ocrx_word' id='word_1_23' title='bbox 901 675 1022 736; x_wconf 79' lang='lat' dir='ltr'>opulenti</span> 
     </span>
     <span class='ocr_line' id='line_1_5' title="bbox 344 740 1019 808; baseline -0.004 -16"><span class='ocrx_word' id='word_1_24' title='bbox 344 745 414 807; x_wconf 85' lang='lat' dir='ltr'>ieges</span> <span class='ocrx_word' id='word_1_25' title='bbox 424 778 431 799; x_wconf 92' lang='lat'>,</span> <span class='ocrx_word' id='word_1_26' title='bbox 450 756 475 791; x_wconf 89' lang='lat' dir='ltr'>et</span> <span class='ocrx_word' id='word_1_27' title='bbox 483 743 585 793; x_wconf 78' lang='lat' dir='ltr'>fortune</span> <span class='ocrx_word' id='word_1_28' title='bbox 595 758 641 791; x_wconf 75' lang='lat' dir='ltr'>sue</span> <span class='ocrx_word' id='word_1_29' title='bbox 649 740 841 808; x_wconf 80' lang='lat' dir='ltr'>magnitudinem</span> <span class='ocrx_word' id='word_1_30' title='bbox 851 755 902 789; x_wconf 88' lang='lat' dir='ltr'>nnn</span> <span class='ocrx_word' id='word_1_31' title='bbox 911 741 1019 803; x_wconf 73' lang='lat' dir='ltr'>sapien-¹</span> 
     </span>
     <span class='ocr_line' id='line_1_6' title="bbox 345 807 1021 874; baseline -0.003 -15"><span class='ocrx_word' id='word_1_32' title='bbox 345 824 398 865; x_wconf 78' lang='lat' dir='ltr'>tes,</span> <span class='ocrx_word' id='word_1_33' title='bbox 418 808 548 858; x_wconf 82' lang='lat' dir='ltr'>duodecim</span> <span class='ocrx_word' id='word_1_34' title='bbox 565 811 675 859; x_wconf 84' lang='lat' dir='ltr'>Deorum</span> <span class='ocrx_word' id='word_1_35' title='bbox 695 808 790 874; x_wconf 80' lang='lat' dir='ltr'>effigies</span> <span class='ocrx_word' id='word_1_36' title='bbox 810 807 968 866; x_wconf 83' lang='lat' dir='ltr'>eminebant,</span> <span class='ocrx_word' id='word_1_37' title='bbox 990 808 1021 857; x_wconf 82' lang='lat' dir='ltr'>in</span> 
     </span>
     <span class='ocr_line' id='line_1_7' title="bbox 344 874 1021 943; baseline 0 -18"><span class='ocrx_word' id='word_1_38' title='bbox 344 874 430 943; x_wconf 86' lang='lat' dir='ltr'>quibus</span> <span class='ocrx_word' id='word_1_39' title='bbox 440 876 557 925; x_wconf 85' lang='lat' dir='ltr'>artificum</span> <span class='ocrx_word' id='word_1_40' title='bbox 571 875 691 925; x_wconf 85' lang='lat' dir='ltr'>industria</span> <span class='ocrx_word' id='word_1_41' title='bbox 705 892 758 924; x_wconf 89' lang='lat' dir='ltr'>curn</span> <span class='ocrx_word' id='word_1_42' title='bbox 775 875 880 925; x_wconf 78' lang='lat' dir='ltr'>materiae</span> <span class='ocrx_word' id='word_1_43' title='bbox 891 874 1021 940; x_wconf 73' lang='lat' dir='ltr'>dignitate</span> 
     </span>
     <span class='ocr_line' id='line_1_8' title="bbox 345 941 1020 1006; baseline -0.001 -13"><span class='ocrx_word' id='word_1_44' title='bbox 345 948 489 993; x_wconf 81' lang='lat' dir='ltr'>certaverat.</span> <span class='ocrx_word' id='word_1_45' title='bbox 509 942 689 993; x_wconf 83' lang='lat' dir='ltr'>Tertiadecima</span> <span class='ocrx_word' id='word_1_46' title='bbox 701 941 811 1006; x_wconf 86' lang='lat' dir='ltr'>Philippi</span> <span class='ocrx_word' id='word_1_47' title='bbox 826 942 913 991; x_wconf 75' lang='lat' dir='ltr'>titensa</span> <span class='ocrx_word' id='word_1_48' title='bbox 926 958 1020 992; x_wconf 85' lang='lat' dir='ltr'>acces-</span> 
     </span>
     <span class='ocr_line' id='line_1_9' title="bbox 344 1008 1020 1064; baseline -0.001 -3"><span class='ocrx_word' id='word_1_49' title='bbox 344 1026 424 1064; x_wconf 75' lang='lat' dir='ltr'>serat3</span> <span class='ocrx_word' id='word_1_50' title='bbox 443 1010 510 1059; x_wconf 89' lang='lat' dir='ltr'>nulla</span> <span class='ocrx_word' id='word_1_51' title='bbox 525 1009 550 1059; x_wconf 91' lang='lat' dir='ltr'>in</span> <span class='ocrx_word' id='word_1_52' title='bbox 566 1026 593 1061; x_wconf 89' lang='lat' dir='ltr'>re</span> <span class='ocrx_word' id='word_1_53' title='bbox 606 1010 693 1059; x_wconf 87' lang='lat' dir='ltr'>ceteris</span> <span class='ocrx_word' id='word_1_54' title='bbox 708 1008 795 1059; x_wconf 84' lang='lat' dir='ltr'>vilior.</span> <span class='ocrx_word' id='word_1_55' title='bbox 811 1010 838 1059; x_wconf 87' lang='lat' dir='ltr'>ld</span> <span class='ocrx_word' id='word_1_56' title='bbox 851 1009 1020 1061; x_wconf 70' lang='lat' dir='ltr'>mortalitatis</span> 
     </span>
     <span class='ocr_line' id='line_1_10' title="bbox 344 1075 1018 1127; baseline 0 0"><span class='ocrx_word' id='word_1_57' title='bbox 344 1075 469 1127; x_wconf 87' lang='lat' dir='ltr'>fastidium</span> <span class='ocrx_word' id='word_1_58' title='bbox 484 1092 576 1127; x_wconf 82' lang='lat' dir='ltr'>matura</span> <span class='ocrx_word' id='word_1_59' title='bbox 586 1076 651 1127; x_wconf 90' lang='lat' dir='ltr'>ultio</span> <span class='ocrx_word' id='word_1_60' title='bbox 661 1090 794 1127; x_wconf 87' lang='lat' dir='ltr'>consecuta</span> <span class='ocrx_word' id='word_1_61' title='bbox 803 1092 840 1125; x_wconf 86' lang='lat' dir='ltr'>esc</span> <span class='ocrx_word' id='word_1_62' title='bbox 849 1095 856 1125; x_wconf 89' lang='lat'><strong>:</strong></span> <span class='ocrx_word' id='word_1_63' title='bbox 865 1091 892 1126; x_wconf 89' lang='lat' dir='ltr'>ct</span> <span class='ocrx_word' id='word_1_64' title='bbox 900 1092 1018 1127; x_wconf 85' lang='lat' dir='ltr'>successu</span> 
     </span>
     <span class='ocr_line' id='line_1_11' title="bbox 344 1142 1019 1208; baseline 0.003 -14"><span class='ocrx_word' id='word_1_65' title='bbox 344 1160 424 1195; x_wconf 88' lang='lat' dir='ltr'>rerum</span> <span class='ocrx_word' id='word_1_66' title='bbox 441 1142 653 1204; x_wconf 78' lang='lat' dir='ltr'>insolescentem,</span> <span class='ocrx_word' id='word_1_67' title='bbox 676 1160 749 1208; x_wconf 85' lang='lat' dir='ltr'>seque</span> <span class='ocrx_word' id='word_1_68' title='bbox 757 1143 815 1192; x_wconf 87' lang='lat' dir='ltr'>Diis</span> <span class='ocrx_word' id='word_1_69' title='bbox 831 1142 1019 1196; x_wconf 77' lang='lat' dir='ltr'>immortalibus</span> 
     </span>
     <span class='ocr_line' id='line_1_12' title="bbox 343 1210 1016 1277; baseline 0.001 -16"><span class='ocrx_word' id='word_1_70' title='bbox 343 1214 491 1277; x_wconf 83' lang='lat' dir='ltr'>aequa&#39;ntem,</span> <span class='ocrx_word' id='word_1_71' title='bbox 503 1210 641 1277; x_wconf 81' lang='lat' dir='ltr'>priusquam</span> <span class='ocrx_word' id='word_1_72' title='bbox 651 1210 763 1261; x_wconf 87' lang='lat' dir='ltr'>indebito</span> <span class='ocrx_word' id='word_1_73' title='bbox 772 1211 1016 1271; x_wconf 86' lang='lat' dir='ltr'>honorefrueretur,</span> 
     </span>
     <span class='ocr_line' id='line_1_13' title="bbox 343 1276 1017 1343; baseline 0 -14"><span class='ocrx_word' id='word_1_74' title='bbox 343 1284 419 1330; x_wconf 84' lang='lat' dir='ltr'>fatum</span> <span class='ocrx_word' id='word_1_75' title='bbox 430 1278 572 1343; x_wconf 85' lang='lat' dir='ltr'>occupavit.</span> <span class='ocrx_word' id='word_1_76' title='bbox 587 1277 715 1329; x_wconf 75' lang='lat' dir='ltr'>Pausanias</span> <span class='ocrx_word' id='word_1_77' title='bbox 728 1278 849 1328; x_wconf 82' lang='lat' dir='ltr'>theatrum</span> <span class='ocrx_word' id='word_1_78' title='bbox 861 1276 952 1339; x_wconf 79' lang='lat' dir='ltr'>intrare</span> <span class='ocrx_word' id='word_1_79' title='bbox 965 1294 1017 1329; x_wconf 86' lang='lat' dir='ltr'>vo·</span> 
     </span>
     <span class='ocr_line' id='line_1_14' title="bbox 342 1344 1015 1410; baseline -0.001 -13"><span class='ocrx_word' id='word_1_80' title='bbox 342 1348 434 1397; x_wconf 87' lang='lat' dir='ltr'>lentem</span> <span class='ocrx_word' id='word_1_81' title='bbox 449 1346 646 1398; x_wconf 84' lang='lat' dir='ltr'>observaverat:</span> <span class='ocrx_word' id='word_1_82' title='bbox 666 1361 740 1410; x_wconf 89' lang='lat' dir='ltr'>utque</span> <span class='ocrx_word' id='word_1_83' title='bbox 757 1344 884 1410; x_wconf 76' lang='lat' dir='ltr'>premissis</span> <span class='ocrx_word' id='word_1_84' title='bbox 900 1344 989 1396; x_wconf 86' lang='lat' dir='ltr'>amicis</span> <span class='ocrx_word' id='word_1_85' title='bbox 1007 1384 1015 1407; x_wconf 87' lang='lat'>,</span> 
     </span>
     <span class='ocr_line' id='line_1_15' title="bbox 334 1412 1016 1481; baseline -0.004 -17"><span class='ocrx_word' id='word_1_86' title='bbox 334 1414 384 1481; x_wconf 83' lang='lat' dir='ltr'>&#39;q‘ui</span> <span class='ocrx_word' id='word_1_87' title='bbox 398 1431 452 1465; x_wconf 88' lang='lat' dir='ltr'>euru</span> <span class='ocrx_word' id='word_1_88' title='bbox 465 1414 630 1473; x_wconf 82' lang='lat' dir='ltr'>deduxerant,</span> <span class='ocrx_word' id='word_1_89' title='bbox 648 1412 789 1477; x_wconf 87' lang='lat' dir='ltr'>relictisque</span> <span class='ocrx_word' id='word_1_90' title='bbox 803 1429 816 1461; x_wconf 84' lang='lat' dir='ltr'>a</span> <span class='ocrx_word' id='word_1_91' title='bbox 830 1428 903 1479; x_wconf 82' lang='lat' dir='ltr'>tergo</span> <span class='ocrx_word' id='word_1_92' title='bbox 918 1414 1016 1463; x_wconf 86' lang='lat' dir='ltr'>sacelli-</span> 
     </span>
     <span class='ocr_line' id='line_1_16' title="bbox 335 1479 1015 1543; baseline -0.003 -10"><span class='ocrx_word' id='word_1_93' title='bbox 335 1482 406 1533; x_wconf 83' lang='lat' dir='ltr'>tibus</span> <span class='ocrx_word' id='word_1_94' title='bbox 422 1488 432 1543; x_wconf 90' lang='lat'>(</span> <span class='ocrx_word' id='word_1_95' title='bbox 446 1497 500 1531; x_wconf 87' lang='lat' dir='ltr'>nam</span> <span class='ocrx_word' id='word_1_96' title='bbox 514 1480 540 1529; x_wconf 91' lang='lat' dir='ltr'>in</span> <span class='ocrx_word' id='word_1_97' title='bbox 553 1494 621 1530; x_wconf 86' lang='lat' dir='ltr'>tanta</span> <span class='ocrx_word' id='word_1_98' title='bbox 636 1479 744 1529; x_wconf 88' lang='lat' dir='ltr'>omnium</span> <span class='ocrx_word' id='word_1_99' title='bbox 759 1479 931 1530; x_wconf 78' lang='lat' dir='ltr'>benevolentia</span> <span class='ocrx_word' id='word_1_100' title='bbox 947 1479 1015 1531; x_wconf 78' lang='lat' dir='ltr'>nihii</span> 
     </span>
    </p>
   </div>
   <div class='ocr_carea' id='block_1_3' title="bbox 341 1546 1047 1613">
    <p class='ocr_par' dir='ltr' id='par_1_3' title="bbox 341 1546 1047 1613">
     <span class='ocr_line' id='line_1_17' title="bbox 341 1546 1047 1613; baseline 0 -16"><span class='ocrx_word' id='word_1_101' title='bbox 341 1548 373 1599; x_wconf 88' lang='lat' dir='ltr'>iis</span> <span class='ocrx_word' id='word_1_102' title='bbox 387 1564 448 1613; x_wconf 86' lang='lat' dir='ltr'>opus</span> <span class='ocrx_word' id='word_1_103' title='bbox 458 1564 508 1598; x_wconf 88' lang='lat' dir='ltr'>esse</span> <span class='ocrx_word' id='word_1_104' title='bbox 522 1547 625 1598; x_wconf 87' lang='lat' dir='ltr'>volebat</span> <span class='ocrx_word' id='word_1_105' title='bbox 633 1547 764 1596; x_wconf 86' lang='lat' dir='ltr'>ostendere</span> <span class='ocrx_word' id='word_1_106' title='bbox 776 1553 789 1609; x_wconf 91' lang='grc'><strong>)</strong></span> <span class='ocrx_word' id='word_1_107' title='bbox 800 1548 868 1597; x_wconf 88' lang='lat' dir='ltr'>solus</span> <span class='ocrx_word' id='word_1_108' title='bbox 882 1546 1015 1613; x_wconf 77' lang='lat' dir='ltr'>ingredie-</span> <span class='ocrx_word' id='word_1_109' title='bbox 1044 1588 1047 1590; x_wconf 20' lang='lat' dir='ltr'>a</span> 
     </span>
    </p>
   </div>
   <div class='ocr_carea' id='block_1_4' title="bbox 342 1612 1015 1681">
    <p class='ocr_par' dir='ltr' id='par_1_4' title="bbox 342 1612 1015 1681">
     <span class='ocr_line' id='line_1_18' title="bbox 342 1612 1015 1681; baseline 0 -16"><span class='ocrx_word' id='word_1_110' title='bbox 342 1616 411 1665; x_wconf 89' lang='lat' dir='ltr'>batur</span> <span class='ocrx_word' id='word_1_111' title='bbox 423 1631 429 1672; x_wconf 72' lang='grc' dir='ltr'><strong>ς</strong></span> <span class='ocrx_word' id='word_1_112' title='bbox 447 1630 577 1681; x_wconf 82' lang='lat' dir='ltr'>percussqr</span> <span class='ocrx_word' id='word_1_113' title='bbox 591 1612 742 1678; x_wconf 85' lang='lat' dir='ltr'>improvisus</span> <span class='ocrx_word' id='word_1_114' title='bbox 755 1614 859 1672; x_wconf 75' lang='lat' dir='ltr'>adsilit,</span> <span class='ocrx_word' id='word_1_115' title='bbox 876 1614 1015 1680; x_wconf 83' lang='lat' dir='ltr'>gladioque</span> 
     </span>
    </p>
   </div>
   <div class='ocr_carea' id='block_1_5' title="bbox 264 1680 1013 1750">
    <p class='ocr_par' dir='ltr' id='par_1_5' title="bbox 264 1680 1013 1750">
     <span class='ocr_line' id='line_1_19' title="bbox 264 1680 1013 1750; baseline 0.003 -20"><span class='ocrx_word' id='word_1_116' title='bbox 264 1703 265 1708; x_wconf 45' lang='lat'>¹</span> <span class='ocrx_word' id='word_1_117' title='bbox 281 1714 298 1750; x_wconf 25' lang='grc' dir='ltr'>Α·</span> <span class='ocrx_word' id='word_1_118' title='bbox 342 1680 487 1741; x_wconf 83' lang='lat' dir='ltr'>barbarico,</span> <span class='ocrx_word' id='word_1_119' title='bbox 503 1697 574 1749; x_wconf 92' lang='lat' dir='ltr'>quem</span> <span class='ocrx_word' id='word_1_120' title='bbox 589 1682 633 1731; x_wconf 85' lang='lat' dir='ltr'>sub</span> <span class='ocrx_word' id='word_1_121' title='bbox 647 1696 716 1731; x_wconf 82' lang='lat' dir='ltr'>veste</span> <span class='ocrx_word' id='word_1_122' title='bbox 724 1681 856 1739; x_wconf 88' lang='lat' dir='ltr'>habuerat,</span> <span class='ocrx_word' id='word_1_123' title='bbox 874 1682 1013 1732; x_wconf 84' lang='lat' dir='ltr'>latusnihil</span> 
     </span>
    </p>
   </div>
   <div class='ocr_carea' id='block_1_6' title="bbox 323 1746 1014 2625">
    <p class='ocr_par' dir='ltr' id='par_1_6' title="bbox 323 1746 1014 2625">
     <span class='ocr_line' id='line_1_20' title="bbox 341 1746 1014 1813; baseline 0 -13"><span class='ocrx_word' id='word_1_124' title='bbox 341 1750 391 1800; x_wconf 83' lang='lat' dir='ltr'>talc</span> <span class='ocrx_word' id='word_1_125' title='bbox 408 1748 562 1813; x_wconf 85' lang='lat' dir='ltr'>expectantis&#39;</span> <span class='ocrx_word' id='word_1_126' title='bbox 574 1746 665 1799; x_wconf 82' lang='lat' dir='ltr'>haurit.</span> <span class='ocrx_word' id='word_1_127' title='bbox 689 1747 740 1797; x_wconf 86' lang='lat' dir='ltr'>Hic</span> <span class='ocrx_word' id='word_1_128' title='bbox 756 1747 805 1797; x_wconf 88' lang='lat' dir='ltr'>fuit</span> <span class='ocrx_word' id='word_1_129' title='bbox 817 1748 1014 1800; x_wconf 80' lang='lat' dir='ltr'>eritrsmaximi</span> 
     </span>
     <span class='ocr_line' id='line_1_21' title="bbox 339 1812 1012 1895; baseline 0.003 -29"><span class='ocrx_word' id='word_1_130' title='bbox 339 1812 416 1866; x_wconf 78' lang='lat' dir='ltr'>utatis</span> <span class='ocrx_word' id='word_1_131' title='bbox 431 1832 478 1866; x_wconf 84' lang='lat' dir='ltr'>suae</span> <span class='ocrx_word' id='word_1_132' title='bbox 494 1832 588 1895; x_wconf 73' lang='lat' dir='ltr'>regum.</span> <span class='ocrx_word' id='word_1_133' title='bbox 608 1814 758 1865; x_wconf 69' lang='lat' dir='ltr'>Macedonis</span> <span class='ocrx_word' id='word_1_134' title='bbox 771 1828 874 1881; x_wconf 87' lang='lat' dir='ltr'>reguum</span> <span class='ocrx_word' id='word_1_135' title='bbox 893 1826 1012 1882; x_wconf 82' lang='lat' dir='ltr'>maguum</span> 
     </span>
     <span class='ocr_line' id='line_1_22' title="bbox 339 1881 1012 1951; baseline -0.001 -16"><span class='ocrx_word' id='word_1_136' title='bbox 339 1900 369 1935; x_wconf 88' lang='lat' dir='ltr'>err</span> <span class='ocrx_word' id='word_1_137' title='bbox 378 1882 446 1951; x_wconf 79' lang='lat' dir='ltr'>inopi</span> <span class='ocrx_word' id='word_1_138' title='bbox 459 1884 601 1935; x_wconf 82' lang='lat' dir='ltr'>reddiderat</span> <span class='ocrx_word' id='word_1_139' title='bbox 610 1901 617 1934; x_wconf 69' lang='grc' dir='ltr'>ε</span> <span class='ocrx_word' id='word_1_140' title='bbox 626 1881 806 1946; x_wconf 72' lang='lat' dir='ltr'>circumiectam</span> <span class='ocrx_word' id='word_1_141' title='bbox 816 1883 952 1935; x_wconf 83' lang='lat' dir='ltr'>barbariem</span> <span class='ocrx_word' id='word_1_142' title='bbox 962 1886 1012 1934; x_wconf 82' lang='lat' dir='ltr'>do&#39;·</span> 
     </span>
     <span class='ocr_line' id='line_1_23' title="bbox 330 1950 1011 2017; baseline -0.001 -14"><span class='ocrx_word' id='word_1_143' title='bbox 330 1956 453 2012; x_wconf 72' lang='lat' dir='ltr'>nuent,</span> <span class='ocrx_word' id='word_1_144' title='bbox 469 1950 569 2003; x_wconf 79' lang='lat' dir='ltr'>Graeriae</span> <span class='ocrx_word' id='word_1_145' title='bbox 581 1950 733 2017; x_wconf 85' lang='lat' dir='ltr'>imposuerat</span> <span class='ocrx_word' id='word_1_146' title='bbox 745 1950 830 2017; x_wconf 68' lang='lat' dir='ltr'>iugum</span> <span class='ocrx_word' id='word_1_147' title='bbox 843 1968 851 2003; x_wconf 76' lang='lat' dir='ltr'>a</span> <span class='ocrx_word' id='word_1_148' title='bbox 864 1966 917 2001; x_wconf 90' lang='lat' dir='ltr'>tum</span> <span class='ocrx_word' id='word_1_149' title='bbox 932 1951 1011 2003; x_wconf 83' lang='lat' dir='ltr'>etiam</span> 
     </span>
     <span class='ocr_line' id='line_1_24' title="bbox 332 2018 1012 2085; baseline 0 -16"><span class='ocrx_word' id='word_1_150' title='bbox 332 2018 439 2071; x_wconf 86' lang='lat' dir='ltr'>&#39;Persico</span> <span class='ocrx_word' id='word_1_151' title='bbox 453 2020 558 2085; x_wconf 85' lang='lat' dir='ltr'>imperio</span> <span class='ocrx_word' id='word_1_152' title='bbox 567 2018 720 2068; x_wconf 82' lang='lat' dir='ltr'>imminebat.</span> <span class='ocrx_word' id='word_1_153' title='bbox 730 2020 786 2069; x_wconf 83' lang='lat' dir='ltr'>Jam</span> <span class='ocrx_word' id='word_1_154' title='bbox 800 2018 1012 2069; x_wconf 38' lang='lat' dir='ltr'>ausiliavGraeco-</span> 
     </span>
     <span class='ocr_line' id='line_1_25' title="bbox 338 2084 1012 2151; baseline -0.009 -14"><span class='ocrx_word' id='word_1_155' title='bbox 338 2102 391 2137; x_wconf 83' lang='lat' dir='ltr'>rum</span> <span class='ocrx_word' id='word_1_156' title='bbox 410 2086 528 2144; x_wconf 82' lang='lat' dir='ltr'>coibant3</span> <span class='ocrx_word' id='word_1_157' title='bbox 547 2086 595 2147; x_wconf 83' lang='lat' dir='ltr'>iam</span> <span class='ocrx_word' id='word_1_158' title='bbox 612 2085 639 2134; x_wconf 90' lang='lat' dir='ltr'>in</span> <span class='ocrx_word' id='word_1_159' title='bbox 653 2084 738 2135; x_wconf 86' lang='lat' dir='ltr'>Asiam</span> <span class='ocrx_word' id='word_1_160' title='bbox 753 2087 928 2150; x_wconf 85' lang='lat' dir='ltr'>transjecerant</span> <span class='ocrx_word' id='word_1_161' title='bbox 945 2103 1012 2151; x_wconf 74' lang='lat' dir='ltr'>prae.</span> 
     </span>
     <span class='ocr_line' id='line_1_26' title="bbox 337 2152 1011 2219; baseline -0.001 -14"><span class='ocrx_word' id='word_1_162' title='bbox 337 2152 405 2205; x_wconf 88' lang='lat' dir='ltr'>missi</span> <span class='ocrx_word' id='word_1_163' title='bbox 420 2154 449 2203; x_wconf 82' lang='lat' dir='ltr'>ab</span> <span class='ocrx_word' id='word_1_164' title='bbox 462 2170 492 2203; x_wconf 89' lang='lat' dir='ltr'>co</span> <span class='ocrx_word' id='word_1_165' title='bbox 507 2154 599 2210; x_wconf 81' lang='lat' dir='ltr'>drices3</span> <span class='ocrx_word' id='word_1_166' title='bbox 620 2169 674 2203; x_wconf 88' lang='lat' dir='ltr'>curn</span> <span class='ocrx_word' id='word_1_167' title='bbox 688 2152 781 2217; x_wconf 87' lang='lat' dir='ltr'>inipso</span> <span class='ocrx_word' id='word_1_168' title='bbox 797 2168 876 2203; x_wconf 88' lang='lat' dir='ltr'>rerum</span> <span class='ocrx_word' id='word_1_169' title='bbox 890 2156 1011 2219; x_wconf 79' lang='lat' dir='ltr'>gerenda·</span> 
     </span>
     <span class='ocr_line' id='line_1_27' title="bbox 337 2218 1011 2285; baseline 0.001 -14"><span class='ocrx_word' id='word_1_170' title='bbox 337 2238 390 2271; x_wconf 91' lang='lat' dir='ltr'>rum</span> <span class='ocrx_word' id='word_1_171' title='bbox 399 2218 519 2278; x_wconf 86' lang='lat' dir='ltr'>articulo,</span> <span class='ocrx_word' id='word_1_172' title='bbox 529 2220 652 2283; x_wconf 83' lang='lat' dir='ltr'>prolixum</span> <span class='ocrx_word' id='word_1_173' title='bbox 660 2220 773 2270; x_wconf 82' lang='lat' dir='ltr'>victoriae</span> <span class='ocrx_word' id='word_1_174' title='bbox 780 2222 885 2271; x_wconf 86' lang='lat' dir='ltr'>fructum</span> <span class='ocrx_word' id='word_1_175' title='bbox 895 2219 941 2269; x_wconf 88' lang='lat' dir='ltr'>sibi</span> <span class='ocrx_word' id='word_1_176' title='bbox 951 2225 1011 2285; x_wconf 90' lang='lat' dir='ltr'>pol·</span> 
     </span>
     <span class='ocr_line' id='line_1_28' title="bbox 337 2286 1010 2352; baseline 0.001 -14"><span class='ocrx_word' id='word_1_177' title='bbox 337 2288 452 2338; x_wconf 88' lang='lat' dir='ltr'>licentem</span> <span class='ocrx_word' id='word_1_178' title='bbox 465 2286 517 2338; x_wconf 89' lang='lat' dir='ltr'>vita</span> <span class='ocrx_word' id='word_1_179' title='bbox 528 2286 651 2338; x_wconf 86' lang='lat' dir='ltr'>destituit.</span> <span class='ocrx_word' id='word_1_180' title='bbox 661 2292 699 2337; x_wconf 83' lang='lat' dir='ltr'>Ita</span> <span class='ocrx_word' id='word_1_181' title='bbox 707 2286 811 2337; x_wconf 78' lang='lat' dir='ltr'>maxima</span> <span class='ocrx_word' id='word_1_182' title='bbox 821 2303 917 2352; x_wconf 75' lang='lat' dir='ltr'>queque</span> <span class='ocrx_word' id='word_1_183' title='bbox 930 2287 956 2337; x_wconf 90' lang='lat' dir='ltr'>in</span> <span class='ocrx_word' id='word_1_184' title='bbox 968 2290 1010 2339; x_wconf 83' lang='lat' dir='ltr'>lu·</span> 
     </span>
     <span class='ocr_line' id='line_1_29' title="bbox 337 2354 1009 2419; baseline 0.001 -14"><span class='ocrx_word' id='word_1_185' title='bbox 337 2355 407 2405; x_wconf 90' lang='lat' dir='ltr'>brico</span> <span class='ocrx_word' id='word_1_186' title='bbox 419 2371 491 2413; x_wconf 80' lang='lat' dir='ltr'>sunt3</span> <span class='ocrx_word' id='word_1_187' title='bbox 506 2369 532 2405; x_wconf 88' lang='lat' dir='ltr'>et</span> <span class='ocrx_word' id='word_1_188' title='bbox 540 2354 709 2407; x_wconf 78' lang='lat' dir='ltr'>audacissimus</span> <span class='ocrx_word' id='word_1_189' title='bbox 724 2370 778 2418; x_wconf 87' lang='lat' dir='ltr'>spes</span> <span class='ocrx_word' id='word_1_190' title='bbox 787 2355 913 2404; x_wconf 89' lang='lat' dir='ltr'>hominum</span> <span class='ocrx_word' id='word_1_191' title='bbox 926 2355 1009 2419; x_wconf 87' lang='lat' dir='ltr'>quili-</span> 
     </span>
     <span class='ocr_line' id='line_1_30' title="bbox 325 2420 1009 2489; baseline -0.001 -16"><span class='ocrx_word' id='word_1_192' title='bbox 325 2422 379 2473; x_wconf 85' lang='lat' dir='ltr'>&#39;bet</span> <span class='ocrx_word' id='word_1_193' title='bbox 388 2439 416 2473; x_wconf 83' lang='lat' dir='ltr'>ex</span> <span class='ocrx_word' id='word_1_194' title='bbox 426 2422 559 2487; x_wconf 88' lang='lat' dir='ltr'>improviso</span> <span class='ocrx_word' id='word_1_195' title='bbox 568 2440 634 2473; x_wconf 85' lang='lat' dir='ltr'>casus</span> <span class='ocrx_word' id='word_1_196' title='bbox 639 2420 732 2472; x_wconf 85' lang='lat' dir='ltr'>eludit.</span> <span class='ocrx_word' id='word_1_197' title='bbox 738 2420 870 2489; x_wconf 86' lang='lat' dir='ltr'>Olympias</span> <span class='ocrx_word' id='word_1_198' title='bbox 878 2430 1009 2487; x_wconf 78' lang='lat' dir='ltr'>comperet</span> 
     </span>
     <span class='ocr_line' id='line_1_31' title="bbox 323 2488 1007 2557; baseline 0.001 -16"><span class='ocrx_word' id='word_1_199' title='bbox 323 2506 417 2557; x_wconf 36' lang='lat' dir='ltr'>,morte</span> <span class='ocrx_word' id='word_1_200' title='bbox 426 2490 490 2557; x_wconf 81' lang='lat' dir='ltr'>regis</span> <span class='ocrx_word' id='word_1_201' title='bbox 498 2491 657 2555; x_wconf 86' lang='lat' dir='ltr'>Cleopatram</span> <span class='ocrx_word' id='word_1_202' title='bbox 665 2488 747 2538; x_wconf 84' lang='lat' dir='ltr'>Attali</span> <span class='ocrx_word' id='word_1_203' title='bbox 761 2505 846 2554; x_wconf 82' lang='lat' dir='ltr'>sorore</span> <span class='ocrx_word' id='word_1_204' title='bbox 855 2488 963 2554; x_wconf 81' lang='lat' dir='ltr'>genitam</span> <span class='ocrx_word' id='word_1_205' title='bbox 974 2491 1007 2542; x_wconf 87' lang='lat' dir='ltr'>a&#39;d</span> 
     </span>
     <span class='ocr_line' id='line_1_32' title="bbox 335 2555 1006 2625; baseline -0.003 -16"><span class='ocrx_word' id='word_1_206' title='bbox 335 2555 491 2623; x_wconf 76' lang='lat' dir='ltr'>suspendium</span> <span class='ocrx_word' id='word_1_207' title='bbox 506 2557 607 2625; x_wconf 81' lang='lat' dir='ltr'>adegit3</span> <span class='ocrx_word' id='word_1_208' title='bbox 621 2572 704 2607; x_wconf 87' lang='lat' dir='ltr'>natum</span> <span class='ocrx_word' id='word_1_209' title='bbox 713 2572 742 2606; x_wconf 81' lang='lat' dir='ltr'>ex</span> <span class='ocrx_word' id='word_1_210' title='bbox 751 2570 778 2605; x_wconf 88' lang='lat' dir='ltr'>ea</span> <span class='ocrx_word' id='word_1_211' title='bbox 790 2555 945 2619; x_wconf 83' lang='lat' dir='ltr'>paucis-ante</span> <span class='ocrx_word' id='word_1_212' title='bbox 958 2573 1006 2621; x_wconf 88' lang='lat' dir='ltr'>pa-</span> 
     </span>
    </p>
   </div>
   <div class='ocr_carea' id='block_1_7' title="bbox 321 2622 1006 3015">
    <p class='ocr_par' dir='ltr' id='par_1_7' title="bbox 321 2622 1005 2694">
     <span class='ocr_line' id='line_1_33' title="bbox 321 2622 1005 2694; baseline 0 -19"><span class='ocrx_word' id='word_1_213' title='bbox 321 2626 473 2694; x_wconf 74' lang='lat' dir='ltr'>]eris&#39;necem</span> <span class='ocrx_word' id='word_1_214' title='bbox 490 2624 574 2674; x_wconf 89' lang='lat' dir='ltr'>diebus</span> <span class='ocrx_word' id='word_1_215' title='bbox 588 2640 690 2688; x_wconf 88' lang='lat' dir='ltr'>puerum</span> <span class='ocrx_word' id='word_1_216' title='bbox 700 2622 726 2671; x_wconf 87' lang='lat' dir='ltr'>in</span> <span class='ocrx_word' id='word_1_217' title='bbox 740 2638 802 2672; x_wconf 75' lang='lat' dir='ltr'>enea</span> <span class='ocrx_word' id='word_1_218' title='bbox 811 2623 880 2686; x_wconf 90' lang='lat' dir='ltr'>pelvi</span> <span class='ocrx_word' id='word_1_219' title='bbox 891 2624 1005 2676; x_wconf 78' lang='lat' dir='ltr'>torruit&#39;t</span> 
     </span>
    </p>

    <p class='ocr_par' dir='ltr' id='par_1_8' title="bbox 333 2686 1006 2754">
     <span class='ocr_line' id='line_1_34' title="bbox 333 2686 1006 2754; baseline 0 -13"><span class='ocrx_word' id='word_1_220' title='bbox 333 2692 360 2741; x_wconf 88' lang='lat' dir='ltr'>in</span> <span class='ocrx_word' id='word_1_221' title='bbox 377 2686 578 2741; x_wconf 67' lang='lat' dir='ltr'>&#39;clientes‘etium&#39;</span> <span class='ocrx_word' id='word_1_222' title='bbox 593 2690 793 2754; x_wconf 83' lang='lat' dir='ltr'>propinquosque</span> <span class='ocrx_word' id='word_1_223' title='bbox 810 2691 862 2749; x_wconf 80' lang='lat' dir='ltr'>eius</span> <span class='ocrx_word' id='word_1_224' title='bbox 876 2690 1006 2742; x_wconf 70' lang='lat' dir='ltr'>atrocibus</span> 
     </span>
    </p>

    <p class='ocr_par' dir='ltr' id='par_1_9' title="bbox 332 2754 1006 2889">
     <span class='ocr_line' id='line_1_35' title="bbox 332 2754 1006 2822; baseline -0.001 -13"><span class='ocrx_word' id='word_1_225' title='bbox 332 2756 462 2822; x_wconf 88' lang='lat' dir='ltr'>suppliciis</span> <span class='ocrx_word' id='word_1_226' title='bbox 475 2754 568 2815; x_wconf 72' lang='lat' dir='ltr'>saevist,</span> <span class='ocrx_word' id='word_1_227' title='bbox 587 2772 613 2806; x_wconf 90' lang='lat' dir='ltr'>et</span> <span class='ocrx_word' id='word_1_228' title='bbox 625 2755 755 2806; x_wconf 85' lang='lat' dir='ltr'>occasione</span> <span class='ocrx_word' id='word_1_229' title='bbox 767 2756 883 2807; x_wconf 75' lang='lat' dir='ltr'>vindicte</span> <span class='ocrx_word' id='word_1_230' title='bbox 895 2774 940 2821; x_wconf 89' lang='lat' dir='ltr'>per</span> <span class='ocrx_word' id='word_1_231' title='bbox 949 2775 1006 2808; x_wconf 89' lang='lat' dir='ltr'>mu·</span> 
     </span>
     <span class='ocr_line' id='line_1_36' title="bbox 332 2822 910 2889; baseline -0.002 -13"><span class='ocrx_word' id='word_1_232' title='bbox 332 2826 436 2877; x_wconf 87' lang='lat' dir='ltr'>liebrem</span> <span class='ocrx_word' id='word_1_233' title='bbox 445 2823 617 2889; x_wconf 86' lang='lat' dir='ltr'>impotentiam</span> <span class='ocrx_word' id='word_1_234' title='bbox 632 2822 799 2875; x_wconf 87' lang='lat' dir='ltr'>crudelissime</span> <span class='ocrx_word' id='word_1_235' title='bbox 812 2842 853 2876; x_wconf 85' lang='lat' dir='ltr'>usa</span> <span class='ocrx_word' id='word_1_236' title='bbox 862 2840 910 2875; x_wconf 87' lang='lat' dir='ltr'>est.</span> 
     </span>
    </p>

    <p class='ocr_par' dir='ltr' id='par_1_10' title="bbox 367 2892 1004 2961">
     <span class='ocr_line' id='line_1_37' title="bbox 367 2892 1004 2961; baseline 0.002 -16"><span class='ocrx_word' id='word_1_237' title='bbox 367 2896 437 2947; x_wconf 76' lang='lat' dir='ltr'>Cnl‘.</span> <span class='ocrx_word' id='word_1_238' title='bbox 449 2896 479 2945; x_wconf 85' lang='lat' dir='ltr'>X.</span> <span class='ocrx_word' id='word_1_239' title='bbox 495 2894 542 2943; x_wconf 83' lang='lat' dir='ltr'>Sed</span> <span class='ocrx_word' id='word_1_240' title='bbox 554 2892 715 2952; x_wconf 79' lang='lat' dir='ltr'>Alexander,</span> <span class='ocrx_word' id='word_1_241' title='bbox 730 2908 777 2958; x_wconf 87' lang='lat' dir='ltr'>pet</span> <span class='ocrx_word' id='word_1_242' title='bbox 788 2894 856 2956; x_wconf 83' lang='lat' dir='ltr'>cujus</span> <span class='ocrx_word' id='word_1_243' title='bbox 867 2892 1004 2961; x_wconf 73' lang='lat' dir='ltr'>absentiam</span> 
     </span>
    </p>

    <p class='ocr_par' dir='ltr' id='par_1_11' title="bbox 469 2995 996 3015">
     <span class='ocr_line' id='line_1_38' title="bbox 469 2995 996 3015; baseline 0 -8"><span class='ocrx_word' id='word_1_244' title='bbox 469 2998 477 3015; x_wconf 81' lang='grc'><strong><em>,</em></strong></span> <span class='ocrx_word' id='word_1_245' title='bbox 991 2995 996 3007; x_wconf 86' lang='grc'><strong>.</strong></span> 
     </span>
    </p>
   </div>
   <div class='ocr_carea' id='block_1_8' title="bbox 1061 581 1075 638">
    <p class='ocr_par' dir='ltr' id='par_1_12' title="bbox 1061 581 1075 638">
     <span class='ocr_line' id='line_1_39' title="bbox 1061 581 1075 638; baseline 0 0"><span class='ocrx_word' id='word_1_246' title='bbox 1061 581 1075 638; x_wconf 85' lang='lat' dir='ltr'>l</span> 
     </span>
    </p>
   </div>
   <div class='ocr_carea' id='block_1_9' title="bbox 0 0 1180 3967">
    <p class='ocr_par' dir='ltr' id='par_1_13' title="bbox 0 0 1180 3967">
     <span class='ocr_line' id='line_1_40' title="bbox 0 0 1180 3967; baseline 0 6"><span class='ocrx_word' id='word_1_247' title='bbox 0 0 1180 3967; x_wconf 95' lang='lat' dir='ltr'> </span> 
     </span>
    </p>
   </div>
  </div>
 </body>
</html>
