2350 3967
249 569 255 576 .
370 489 558 559 LIBER
604 488 649 561 X.·
782 492 843 587 3²}

168 612 232 658 tate
251 591 397 656 statuerim
411 618 420 650 .·
435 612 490 655 sam
509 593 573 656 illos
591 594 777 661 occlamantes
796 601 844 662 ui·

169 673 239 743 deo,
250 671 297 752 qui
307 671 408 732 abituri
419 693 498 745 sunt,
510 692 589 754 quam
599 675 665 746 lsos,
676 697 736 738 cum
747 678 847 759 quibus

164 753 329 838 premissos
340 749 466 832 subsequi
478 753 576 816 statui.
587 749 723 844 Quidboc
734 753 846 819 estrei?

170 829 279 914 dispari
294 829 323 890 in
337 847 421 890 causa
438 829 510 892 idem
528 852 646 892 omnium
663 833 765 896 clamor
776 843 846 897 est!

167 907 305 996 pervelim
314 907 387 968 scire
398 949 408 979 ‚
420 927 508 969 utrum
519 911 563 989 qui
576 909 739 985 discedunt,
752 935 788 976 arr
797 913 845 994 qui

170 987 329 1053 retinemur
340 1027 350 1057 ‚
369 986 402 1048 de
413 1007 455 1048 me
466 1007 624 1068 querantur.
637 990 774 1054 Crederes
784 1005 845 1055 uno

172 1089 226 1130 ose
236 1085 337 1128 omnes
346 1068 489 1159 sustulisse
497 1069 675 1144 clamorem
692 1072 731 1133 ita
741 1073 846 1152 paritet

172 1167 212 1210 ex
232 1163 293 1207 tota
314 1165 455 1207 concione
474 1167 518 1207 ‘res
539 1169 641 1208 onsum
662 1167 725 1222 ess,
751 1162 846 1212 omues

171 1225 263 1308 queri.
276 1225 355 1286 Tum
366 1225 433 1293 ille,
449 1245 502 1285 nors
515 1167 646 1296 iercule,
664 1229 775 1307 inquit,
791 1250 846 1308 po·

171 1301 304 1444 ostriferi
316 1345 327 1374 ,
345 1317 375 1362 ut
387 1302 508 1364 adducat
518 1303 648 1385 querendi
665 1306 748 1367 simul
758 1308 848 1368 omui·

170 1381 223 1444 bus
254 1403 305 1442 auc
318 1401 430 1443 causam
443 1401 524 1452 esse,
538 1403 618 1463 quarn
628 1384 800 1458 ostenditis‚·
815 1385 848 1446 itt

170 1481 227 1543 qua
245 1462 334 1600 molor
347 1479 416 1541 pars
435 1461 573 1523 exercitus
592 1483 646 1522 non
665 1481 733 1537 est,·
754 1475 848 1546 utpote

171 1559 236 1602 cum
263 1559 358 1622 putes
384 1539 558 1612 dimiserim,
583 1561 664 1620 quam
692 1557 848 1603 retenturus

172 1639 248 1682 sum.
267 1616 367 1679 Subest
385 1617 513 1679 nimirum
529 1619 615 1680 altius
634 1621 755 1693 molum,
776 1618 848 1702 quob

170 1717 269 1760 omnes
292 1695 393 1758 avertit
411 1718 428 1757 a
445 1717 498 1761 me.
523 1695 643 1779 Quando
665 1700 738 1761 enim
755 1709 848 1781 regem

171 1777 324 1838 uniuersus
335 1775 473 1837 exercitus
490 1775 635 1841 deseruit?
649 1799 684 1839 ne
702 1779 775 1841 servi
788 1778 850 1857 qui·

84 1887 85 1916 1
172 1854 238 1917 dem
253 1875 305 1915 uno
313 1873 398 1992 grefe
406 1851 568 1935 profugiunt
578 1855 727 1930 dominos;
744 1856 794 1918 sed
805 1873 853 1917 ess

211 1931 287 1994 idam
299 1933 328 1993 in
341 1931 362 1992 il
374 1933 400 1993 is
407 1933 519 2014 pulcra
532 1935 634 1995 cereris
645 1935 792 1996 destitutos
802 1955 851 1996 re·

186 2010 330 2092 inqueruli.
349 2009 448 2074 Verum
465 2029 582 2092 egotam
589 2011 709 2090 furiosae
723 2031 851 2075 conster-

172 2091 301 2154 nationis
313 2089 412 2150 oblitus
423 2089 543 2152 remedia
555 2091 758 2153 insanabilibus
769 2110 853 2153 conor

85 2231 87 2236 ,
173 2169 319 2234 adbibere.
338 2165 454 2232 Omnem
473 2169 580 2231 hercule
598 2191 695 2253 spem,
717 2191 796 2253 quam
814 2185 852 2232 est

173 2247 259 2314 uobis
270 2269 467 2340 conceperam,
483 2247 605 2323 damno;
619 2271 670 2312 nec
685 2269 714 2310 ut
727 2271 786 2312 cum
800 2248 854 2310 mi·

85 2361 86 2392 1
173 2325 276 2390 litibus
288 2345 376 2399 mers,
388 2347 447 2406 Jam
458 2328 530 2387 euim
541 2349 603 2389 esse
615 2327 768 2390 destitistis
777 2371 789 2400 ,
802 2326 854 2389 seb

85 2419 88 2476 ζ
174 2423 281 2468 uttam
292 2405 493 2487 ingratissimis
504 2425 721 2495 oportet,agere
732 2405 860 2472 deortui.

176 2483 318 2547 Secundis
330 2483 431 2553 rebus,
448 2504 506 2564 quoe
518 2485 709 2576 circumfluunt
719 2505 791 2555 uos,
806 2484 854 2544 irt-

85 2623 88 2634 ,
177 2564 277 2626 sanirc
294 2562 419 2644 cupistis
439 2559 541 2623 :obliti
561 2582 652 2624 status
671 2583 753 2642 ejus,
776 2573 856 2642 quem

85 2677 87 2714 ε
175 2639 312 2722 benefitio
325 2639 530 2730 exuisrigmeo.
543 2640 637 2723 Digni
648 2640 757 2703 hercule
766 2640 812 2722 qui
824 2640 857 2701 in

85 2759 87 2792 2
176 2720 274 2784 eodem
287 2720 492 2780 consenescatis
503 2739 517 2791 ‚·
539 2721 666 2799 quoniam
676 2718 798 2796 facilius
812 2731 859 2781 est

85 2898 96 2930 ρ

176 2794 260 2864 vobis
284 2797 455 2868 adversam,
480 2819 559 2876 quam
583 2799 733 2860 secundam
756 2819 859 2880 regere

167 2877 335 2960 fortunam.
360 2873 407 2938 En
433 2874 542 2937 saulem
562 2885 576 2939 t
598 2876 753 2969 lllyriorum
775 2874 860 2959 poulo
893 2904 896 2909 ·

86 2993 88 3032 ;
181 2973 272 3041 ante,
296 2972 324 3022 et
337 2953 487 3021 Persarum
501 2955 761 3027 tributariisrlsio,
781 2961 867 3017 etrus

651 3054 763 3137 Xxij
