2350 3967
260 442 311 496 lN
346 441 382 504 Q.
418 441 613 496 culmum
645 443 676 496 l.
706 435 751 499 Π.
804 459 851 510 rep

168 528 210 582 ins·
222 531 337 581 candido
353 528 447 595 etipse
465 529 557 582 vertitu
573 534 727 598 sequebatur.
750 534 855 601 Agmen

167 599 278 650 ducebat
294 599 387 650 lsddus
402 615 511 650 eumenus
530 615 656 651 sectorum
675 601 775 653 ancisus
794 620 852 654 curn

167 665 278 718 solemni
290 682 393 717 ornatu.
404 664 635 734 Apptopinquentie
650 685 744 734 pompe
759 687 852 722 venus-

167 747 245 786 tatem
261 733 426 799 speciemque
442 732 619 794 miratusre13
636 752 699 801 equo
713 736 827 788 desiliens
842 775 854 798 ,

167 803 236 853 eolus
248 800 397 868 processit,
412 801 567 866 adoratoque
581 801 632 852 Dei
646 803 767 864 nomine,
782 805 850 871 quod

167 885 242 920 auree
257 868 362 922 lamine
375 867 526 932 insculptum
540 867 631 920 cidaris
645 870 773 935 pontilicis
786 890 850 936 pre·

166 938 283 997 ferebat,
299 936 384 1001 ipsum
396 953 494 1001 quoque
509 950 650 988 reuerenuer
660 938 787 992 salutavit.
796 935 851 990 lmss

165 1005 271 1068 provisa
285 1021 328 1055 ree
343 1003 477 1063 omnium,
498 1003 609 1068 quicum
626 1021 659 1055 eo
672 1007 822 1059 advenerant
841 1044 850 1064 ‚

164 1070 264 1124 animos
279 1073 308 1122 in
324 1085 455 1134 stuporem
471 1071 551 1122 dedit.
572 1071 651 1122 Judtei
667 1091 697 1124 ex
713 1071 848 1140 propinqui

163 1137 236 1190 exitii
253 1155 325 1191 metu
349 1154 401 1188 non
416 1137 442 1188 in
458 1155 526 1202 spem
541 1137 721 1192 incolumitatis
741 1145 818 1192 modo
835 1175 846 1204 ,

162 1208 206 1257 sed
216 1205 357 1273 inopinate
371 1203 577 1270 grstiefiduciam
592 1207 669 1258 erecti
684 1207 848 1260 circumibant

160 1290 249 1340 regem
264 1311 273 1334 ‚
293 1274 401 1332 laudes,
418 1271 657 1340 gratulationemque
672 1291 697 1325 et
712 1292 773 1326 uota
786 1276 848 1328 mis-

161 1351 261 1393 centes.
281 1345 378 1393 Contra
395 1345 509 1406 Syrorum
523 1340 622 1407 reguli,
640 1341 681 1408 qni
699 1343 732 1392 ob
748 1344 846 1395 crebrae

160 1411 317 1474 acerbasque
338 1425 394 1458 cum
410 1407 500 1459 iudeis
517 1407 655 1460 simultates
675 1410 847 1462 Alexandrum

159 1477 242 1530 secuti
251 1481 373 1534 fuerant,
391 1473 548 1526 inimicorum
561 1476 708 1542 suppliciis,
724 1493 753 1528 ut
762 1479 850 1530 reban-

159 1559 218 1603 tur,
241 1543 334 1596 infesti
352 1541 426 1594 animi
443 1542 573 1596 libidinem
589 1544 735 1610 expleturi,
758 1563 849 1612 stupe·

159 1612 221 1664 bant
234 1630 244 1673 3
266 1610 340 1662 dubii
352 1627 447 1662 verane
468 1627 549 1664 essent
562 1629 613 1678 que
628 1612 797 1674 intuerentur,
812 1630 845 1666 an

158 1681 267 1748 aliquod
284 1679 419 1730 oculorum
428 1679 562 1732 ludibrium
577 1698 640 1733 vana
653 1680 761 1747 imagine
772 1682 846 1747 eopi-

158 1763 200 1800 tos
216 1765 309 1800 sensus
321 1747 434 1800 falleret.
448 1749 536 1814 Neque
551 1748 630 1800 minus
643 1751 794 1801 Macedonas
804 1749 846 1802 in·

157 1818 271 1869 solentis
283 1814 423 1880 spectaculi
436 1831 564 1880 suspensos
575 1815 660 1868 habuit
672 1835 681 1868 z
698 1819 777 1868 donec
787 1836 846 1883 pro·

155 1884 212 1949 pius
227 1884 356 1936 accedens
370 1882 517 1934 Parmenion
532 1883 687 1950 interrogare
701 1903 770 1936 ausus
785 1900 824 1936 est
833 1919 848 1944 ‚

157 1956 214 2018 quid
232 1955 274 2004 ita
291 1953 403 2003 externis·
421 1953 570 2002 saeremssiis
590 1954 700 2003 bonorem
714 1955 818 2017 deferret
833 1988 848 2010 ,.

156 2038 224 2086 quem
241 2037 259 2070 a
274 2035 329 2070 tam
335 2019 406 2084 feda
418 2034 490 2086 gente
508 2019 581 2070 etism
596 2019 699 2084 recipere
712 2021 757 2070 uie
773 2034 849 2070 rante

157 2107 212 2158 rege
229 2088 336 2156 dignum
352 2087 436 2138 esset?
457 2085 542 2150 Atque
556 2083 602 2136 ille
610 2084 758 2137 insomnium
772 2103 849 2137 suum.

156 2155 258 2207 retulit.
276 2153 380 2204 Deinde
397 2153 482 2204 urbem
501 2151 623 2218 ingressus
637 2153 663 2202 in
676 2152 844 2218 pulcherrime

156 2225 207 2274 ede
220 2223 274 2274 ritu
283 2236 495 2286 receptosacrum
509 2220 565 2270 Deo
574 2219 635 2272 fecit
644 2223 766 2280 ,etdone
779 2238 844 2274 tem·

154 2293 197 2355 plo
207 2289 310 2342 intulit.
327 2287 441 2352 inspexit
449 2287 524 2338 etiam
535 2305 616 2340 sacros
624 2288 706 2355 gentis
720 2289 821 2340 codices
832 2322 843 2350 ,

154 2361 244 2424 quibus
251 2354 450 2410 continebantur
458 2355 499 2406 diu
507 2371 563 2406 ente
569 2355 705 2422 perscripta
713 2357 845 2411 vaticinia·
859 2358 861 2364 ’

153 2430 287 2492 interque
296 2429 393 2493 Tyrum
403 2424 582 2475 Macedonibus
592 2442 732 2486 cessuram,
749 2441 775 2476 et
785 2426 844 2475 Per·

153 2513 189 2547 sss
203 2497 321 2547 nGreeco
332 2493 443 2558 quodam
456 2491 607 2544 debellatum
616 2492 667 2552 iri,
683 2493 748 2544 clare
765 2491 845 2557 signi·

151 2562 282 2616 icebatur.
294 2566 359 2612 Eum
371 2577 398 2611 se
407 2563 464 2610 fore
473 2557 665 2624 interpretatus,
681 2557 771 2610 iudeis
781 2575 843 2608 eon·

152 2631 249 2692 tersit,
270 2648 301 2684 ut
323 2631 392 2682 domi
401 2629 514 2693 forisque
531 2630 582 2680 ruis
598 2627 691 2696 legibus
708 2627 845 2693 ritibusque

150 2701 224 2754 libere
239 2714 375 2752 uterentur
384 2717 395 2760 ;
413 2713 438 2748 et
455 2697 510 2760 quia
523 2696 650 2764 septimum
667 2711 776 2761 quemque
793 2712 840 2746 an-

150 2785 209 2820 num
219 2769 393 2838 agricultura
406 2779 526 2816 exsortem
535 2779 632 2832 agunt,
646 2765 719 2814 etium
729 2761 836 2814 tributo·

149 2853 202 2890 nrm
218 2837 270 2890 ista
283 2834 405 2904 portione
421 2830 839 2908 solverentur..Naturamquoque
