2350 3967
315 454 377 527 ’Μ
500 442 545 526 Q.
583 440 611 506 C
631 441 664 520 U
684 440 711 504 R
730 438 761 504 'l'
781 441 796 504 1
817 442 835 509 l

270 611 276 616 .
320 565 415 633 ageret
433 563 447 622 3
468 561 498 609 et
512 563 563 628 per
584 563 618 604 se
635 539 812 622 potissimum
828 538 1009 624 profiteretur

320 629 467 692 indicium.
485 621 520 686 in
531 641 594 684 eam
611 641 701 702 ipsam
717 638 849 693 noctem,
870 644 935 702 quoe
953 623 1005 684 de-

320 706 452 778 cederet,
476 701 602 766 insidias
622 717 794 781 comparatas
798 699 900 778 fuisse
913 729 924 762 :
938 723 1007 764 auc·

319 808 394 850 tores
415 783 530 848 scelesti
552 779 668 842 consilii
688 799 777 849 esse,
799 801 869 861 quor
889 782 1007 844 minime
1085 804 1089 817 ·

320 867 447 930 crederet
465 885 529 927 rex.
551 862 631 924 Turn
654 861 808 940 Epimenes
829 881 939 924 cuncta
958 885 1008 924 or·

321 950 419 1018 dine,
449 941 688 1018 consciorumque
716 940 838 1002 nomina
871 943 1008 1022 exponit.

318 1024 518 1108 'Callisthenen
538 1042 600 1082 non
621 1037 653 1082 ut
673 1021 842 1099 participem
866 1021 1008 1084 facinoris

319 1107 505 1168 nominatum
528 1121 588 1164 esse
613 1104 790 1173 constabat;
815 1100 865 1162 sed
889 1101 1007 1162 solitum

318 1205 463 1268 puerorum
481 1177 654 1244 sermonibus
672 1179 888 1260 vituperantium
906 1180 1006 1242 crirni·

321 1265 499 1344 nuntiumque
523 1280 614 1352 regern
630 1256 739 1335 faciles
762 1278 845 1320 sures
867 1259 1008 1340 prebere·

323 1347 454 1425 Quidam
475 1343 631 1419 adjiciunt,
658 1358 719 1398 curn
737 1335 911 1400 Hermolaus
934 1339 1009 1422 apud

1078 662 1086 723 i

1082 836 1092 1076 i

321 1417 1006 1505 cumquoqueuerberaturusearegequerererur,
1091 1451 1092 1478 r

322 1503 434 1568 dixisse
448 1496 641 1564 Callisthenen
651 1523 661 1558 .·
673 1496 834 1558 meminisse
844 1495 948 1560 debere
959 1519 1006 1559 eos
1091 1511 1092 1570 j

319 1586 381 1665 jans
397 1583 476 1648 uiros
496 1600 569 1641 esse.
591 1573 675 1654 quue
693 1597 731 1636 sn
748 1575 784 1636 ud
803 1575 1005 1639 consolandum

317 1661 487 1746 patientiam
507 1655 650 1721 verberum
667 1675 687 1728 ,t
708 1677 745 1716 an
766 1653 803 1716 sd
825 1654 1005 1718 incitandum

317 1745 451 1823 juvenum
466 1736 585 1798 dolorem
598 1735 702 1796 dictum
719 1752 794 1796 esset
802 1777 816 1806 ,
829 1733 861 1796 in
872 1736 1004 1816 ambiguo

314 1821 423 1901 fuisse.
437 1819 501 1881 Rex
515 1815 605 1879 animi
622 1815 804 1894 corporisque
820 1836 932 1894 sopore
945 1818 1006 1888 uir,

323 1922 425 1972 cusso,
442 1920 509 1960 curn
520 1897 592 1958 tanti
605 1895 743 1974 periculi,
757 1893 833 1974 quod
847 1915 1006 1968 evaserat,

316 1979 525 2064 'isuagooculis
537 1964 699 2048 oberrarem
712 1972 912 2052 Eurylochum
928 1998 945 2034 ι
960 1995 1004 2038 ta·

322 2065 409 2123 lentis
423 2077 452 2120 er
462 2057 608 2136 cujusdam
619 2055 760 2132 Tyndaris
771 2055 904 2132 opulenti
916 2057 1006 2116 bonis

323 2143 412 2202 donat
420 2138 548 2216 protinus
556 2157 568 2208 3
577 2135 769 2213 fratremque,
779 2151 939 2212 autequam
949 2157 1005 2213 pro

322 2221 413 2282 salute
432 2215 493 2295 ejus
511 2233 674 2294 precaretur
684 2232 699 2284 ,⁶
717 2213 850 2275 restituit.
877 2214 1005 2276 Sceleris

322 2317 420 2362 autem
429 2312 578 2375 auctores,
597 2293 726 2371 interque
739 2313 789 2354 eos
799 2293 1005 2356 Callisthenen

323 2380 433 2443 vinctos
452 2372 591 2436 asservari
607 2373 815 2452 jubersquibus
837 2372 870 2432 in
888 2375 1005 2454 regiam

323 2455 468 2527 adductis,
482 2473 547 2516 toto
555 2453 600 2514 die
611 2470 640 2514 et
652 2470 737 2514 nocte
747 2452 881 2529 proxima
891 2493 901 2526 ,
913 2474 1001 2516 mero

324 2563 359 2605 nc
370 2539 427 2620 vigi
432 2537 474 2598 liis
482 2530 595 2618 gruvis²
608 2529 759 2610 acquievit.
769 2531 890 2592 Postero
899 2551 1002 2594 autem

322 2616 455 2698 frequens
479 2615 632 2676 consilium
657 2610 807 2680 adhibuit,
833 2611 882 2672 cui
906 2632 1003 2689 patres

320 2695 529 2791 propinquique
538 2713 660 2761 eorum,
678 2691 822 2768 dequibus
835 2693 1000 2770 agebatur,
1090 2733 1091 2736 η

319 2793 491 2847 intererant3
507 2792 545 2835 ne
555 2773 590 2834 de
602 2793 650 2834 sua
660 2771 774 2850 quidem
784 2771 875 2830 salute
886 2773 996 2834 secutis
1090 2811 1091 2822 r

317 2858 421 2940 quippe
432 2851 626 2922 bbcsdonum
636 2868 718 2916 more
726 2850 820 2930 perite
829 2850 998 2942 debebunt,
