2350 3967
322 479 376 533 12⁶
497 465 540 548 Q.
578 451 823 534 cunrrr·

319 566 998 648 amoenitateinumbratus,ubiquofontibus'suis

319 649 418 712 similis
433 649 463 708 in
474 670 552 711 mare
562 650 667 713 evadit.
678 651 770 712 Multa
781 651 809 710 in
824 671 858 710 ea
869 650 994 731 regione

317 747 523 798 monumenta,
538 731 652 811 vulgata
663 731 832 790 carminibus
843 769 854 800 ‚
867 748 997 792 vetustas

318 809 461 870 exederat.
488 810 718 871 Monstrabantur
745 810 858 874 urbium
880 810 993 880 sedes,

318 887 449 964 Lyrnessi
460 905 489 948 et
497 887 629 950 Theben
642 888 790 965 Typhonis
801 909 914 965 quoque
926 909 994 965 spe-

318 988 388 1034 cus,
404 985 432 1025 et
447 967 606 1044 Corycium
615 987 732 1036 nemus,
746 969 795 1028 ubi
808 988 926 1027 crocum
942 969 992 1048 gi-

319 1049 414 1125 gnitur
431 1069 440 1106 :
459 1062 607 1124 ceteraque
627 1047 658 1108 in
680 1048 778 1124 quibus
798 1045 870 1106 nihil
890 1066 994 1123 prater

317 1127 426 1184 famam
440 1126 600 1188 duraverat.
615 1126 779 1187 Alexander
794 1127 887 1188 fauces
905 1125 968 1206 iugi
978 1167 993 1195 ,

319 1227 379 1282 qua
397 1200 474 1283 Pyla
488 1207 666 1284 appellantur
679 1205 831 1275 ,intracia
848 1203 994 1264 comem»

319 1285 411 1363 platus
428 1285 560 1362 iocorum
574 1286 661 1353 sirus,
679 1307 739 1346 non
756 1283 825 1346 aliis
842 1286 932 1366 magis
944 1283 1005 1356 di:

229 1430 231 1439 s
319 1365 393 1425 citur
408 1364 560 1424 admiratus
574 1384 634 1425 esse
643 1361 813 1440 felicitatem
830 1374 929 1422 suurn)
942 1361 993 1423 ob-

319 1444 362 1504 rui
370 1443 494 1522 potuisse
505 1441 549 1503 vel
560 1444 641 1503 saxis
651 1444 857 1510 confitebatur,
879 1438 996 1516 n‘fuis-
1010 1474 1020 1479 -

320 1539 402 1589 senc,
427 1521 472 1600 qui
493 1521 523 1582 in
544 1519 691 1583 subeuntes
708 1521 906 1604 propellerent.
934 1523 994 1582 Iter

320 1603 370 1660 vix
389 1619 539 1676 quaternos
558 1602 685 1678 capiebat
704 1620 852 1662 armatos:
873 1601 992 1661 dorsum

319 1681 427 1739 montis
437 1681 605 1741 imminebat
618 1681 670 1742 viar
683 1722 692 1750 ‚
712 1703 773 1742 non
784 1699 905 1761 angusta
921 1701 995 1740 mo-

319 1760 377 1826 do,
397 1759 443 1818 sed
454 1762 620 1836 plerumque
636 1780 799 1838 praeruprae,
818 1759 920 1822 crebris
937 1761 994 1818 ob-

321 1839 476 1901 errantibus
485 1839 571 1906 rivis‚
589 1840 637 1916 qui
651 1861 687 1900 ex
696 1840 834 1901 radicibus
844 1839 991 1898 montium

319 1937 447 1978 manant.
469 1916 596 1978 Thracas
610 1937 716 1980 ,tamen
740 1919 841 1979 leviter
860 1929 995 1986 ‘armatos

315 1995 477 2076 precedere
494 1997 627 2072 jusserat,
645 1998 817 2076 scrutarique
830 1994 935 2065 calles,
954 2017 991 2056 ne

321 2075 442 2135 occultus
456 2073 545 2134 hostis
559 2074 588 2147 in
600 2076 747 2138 subeuntes
760 2095 920 2156 erumperet.
934 2075 991 2134 Sa-

249 2173 252 2176 ·
319 2154 498 2234 gittariorum
510 2174 623 2232 qnoque
632 2178 733 2217 manus
744 2171 933 2232 occupaverat
942 2154 991 2231 ju·

318 2253 411 2313 gum3
431 2233 554 2293 intentos
575 2257 655 2296 arcus
675 2235 837 2302 habebant,
854 2235 959 2294 moniti
976 2276 991 2303 ‚

319 2331 374 2370 non
394 2309 448 2370 iter
464 2311 541 2392 ipsos
563 2313 663 2383 inire,
690 2314 741 2375 sed
760 2313 895 2395 proeiium.
921 2313 990 2374 Hoc

319 2390 408 2452 modo
421 2412 524 2472 agmen
542 2395 672 2470 pervenit
689 2395 723 2453 ad
741 2396 839 2453 urbem
854 2393 992 2462 Tarson,

319 2470 366 2530 cui
375 2487 437 2539 tum
446 2472 572 2532 maxime
580 2473 668 2534 Persae
678 2473 862 2547 subiiciebant
871 2472 988 2550 ignens,

319 2571 357 2610 ne
379 2551 547 2628 opulentum
570 2554 705 2631 oppidum
726 2551 813 2612 hostis
832 2552 992 2612 invaderet.

319 2631 360 2688 At
375 2631 425 2690 ille
440 2631 629 2691 Parmenione
643 2632 679 2690 ad
689 2630 873 2691 inhibendum
887 2631 990 2690 incen-

319 2709 397 2767 dium
407 2729 473 2768 cum
486 2711 614 2786 expedita
624 2731 711 2770 manu
725 2711 868 2788 praernisso
880 2730 890 2780 3
911 2726 993 2788 post·

320 2807 404 2862 quum
414 2789 545 2848 barbaros
556 2790 677 2852 adventu
685 2811 801 2850 suorum
808 2790 920 2870 fugatos
930 2808 991 2849 esse

320 2869 477 2946 cognovit,
498 2872 665 2932 urbema'se
677 2887 873 2932 consecratam
890 2869 994 2930 intrat.
