2350 3967
361 498 419 561 ηε
523 488 579 573 o.
618 486 857 555 cunrrr

360 590 506 659 Vulnerari
515 592 678 655 interfectos
694 588 842 651 trahebant
856 614 866 653 s
882 611 941 655 nec
951 574 1027 655 con·

356 673 450 735 sistere
467 672 577 745 territi,
598 690 653 733 neo
667 669 800 753 progredi
816 670 924 733 debiles
940 692 1029 765 pote-

354 767 429 813 rant.
454 747 556 814 Paucae
576 768 673 814 tamen
699 768 813 813 evasere
833 751 976 834 quadrigar
996 773 1029 827 m
1076 749 1079 753 ’

353 828 488 892 ultimam
506 830 621 902 aciem,
642 829 698 899 iis,
720 826 818 907 quibus
835 827 1028 901 inciderunt,

354 908 509 971 miserabili
526 927 621 972 morte
640 904 809 993 consumtis:
825 907 942 991 Quippe
960 928 1037 993 am<

352 1006 451 1065 putata
469 984 598 1052 virbrum
619 990 747 1050 membra
763 985 844 1048 humi
855 988 997 1066 ¹jacebant
1014 1008 1029 1063 ;

342 1084 384 1133 ⁴et
399 1068 465 1150 quia
480 1068 577 1129 calidis
586 1066 677 1131 adhuc
686 1066 846 1130 vulneribus
860 1072 956 1131 aberat
972 1068 1028 1129 do·

353 1145 428 1215 lor,
451 1148 545 1209 trunci
564 1168 678 1225 quoque
697 1164 725 1207 et
741 1146 845 1209 debiles
863 1170 943 1209 arma
965 1168 1027 1209 non

354 1224 541 1289 omittebant:
552 1226 646 1288 donec
659 1227 752 1287 multo
765 1226 901 1307 'sanguine
914 1225 1027 1299 effuso,

354 1306 511 1367 exanimati
520 1308 750 1385 procumberent.
768 1303 885 1365 Interim
901 1306 1028 1378 Aretes,

352 1380 542 1463 scytharum,
558 1386 606 1463 qui
621 1384 821 1463 impedimenta
834 1383 1027 1463 diripiebant,

353 1460 425 1525 duce
436 1463 554 1532 occiso,
574 1465 687 1543 gravius
697 1461 801 1523 territis
817 1461 948 1525 instabat.
968 1464 1025 1525 Su'-

351 1561 506 1619 pervenere
521 1543 621 1605 deinde
632 1540 711 1603 missi
725 1539 843 1601 aDario
854 1542 1000 1604 Bactriani
1013 1583 1026 1615 ,·

351 1640 508 1703 pugnaque
530 1618 642 1686 vertdre
659 1618 815 1693 fortunam.
844 1620 931 1682 Multi
951 1642 1027 1705 ergo

352 1700 546 1763 Macedonum
565 1701 662 1779 primo
681 1699 789 1780 impetu
814 1700 911 1761 obtriti
931 1720 1027 1767 sunt:

352 1780 446 1917 plures
465 1780 501 1844 ad
520 1779 718 1843 Alexandrum
737 1778 909 1859 refugerunt.
941 1777 1025 1843 Tum

376 1878 461 1930 ersae,
480 1859 608 1921 clamore
617 1858 750 1928 sublato,
768 1859 882 1939 qualem
899 1859 1028 1923 victores

350 1937 446 2001 solent
464 1938 566 2009 edere,
586 1938 720 2001 ferociter
737 1936 768 1998 in
787 1934 919 2007 hostem,
944 1940 1027 2017 quasi

352 2016 457 2095 ubique
469 2016 673 2099 profligatum,
687 2016 844 2080 incurrunt.
857 2017 1028 2090 Alexander

351 2096 464 2158 territos
488 2099 648 2178 castiga-re3¹
670 2094 836 2171 adhortari3
857 2098 987 2177 prelium
1006 2104 1022 2170 ’,

351 2174 431 2252 quod
449 2174 508 2252 jam
529 2176 718 2257 elanguerat,
740 2176 816 2237 solus
835 2174 991 2239 accendere
1013 2200 1026 2241 e

350 2252 581 2331 confirmatisque
593 2254 708 2315 tandem
717 2254 839 2326 animis,
858 2254 901 2317 ire
911 2255 942 2317 in
953 2254 1022 2316 hos·

352 2346 407 2391 tem
418 2332 700 2409 jubetuarioracies
711 2334 809 2395 eratin
820 2334 920 2397 dextro
930 2356 1023 2399 cornu

351 2408 521 2482 Persarum,
541 2432 664 2491 namque
680 2412 745 2472 inde
762 2414 902 2475 Bactriani
922 2412 1022 2499 decesf

350 2510 445 2551 serant
454 2492 489 2551 ad
501 2492 686 2569 opprimenda
696 2492 909 2569 imperfimenta.
921 2494 1024 2572 Itaque

351 2569 1022 2643 Alexanderlaxatosordinesinvadit,et·multa
1102 2580 1103 2583 ’

349 2649 427 2709 caede
445 2648 571 2711 hostium
591 2647 743 2713 invehitur.
767 2650 809 2711 At
827 2650 926 2729 quiin
946 2653 1022 2715 laevo

351 2746 442 2787 cornu
451 2745 531 2791 erant
540 2726 646 2799 Persae,
659 2750 707 2807 spe
719 2750 799 2807 posse
811 2729 878 2793 eum
890 2732 998 2792 includi
1010 2766 1022 2802 ·‚

351 2824 456 2897 agmen
467 2820 549 2870 suum
559 2831 574 2867 a
583 2828 668 2890 tergo
678 2807 837 2870 dimicantis
848 2826 1000 2891 opponunt
1009 2822 1030 2873 a*

351 2884 821 2970 ingensquepttitulumiumtdio
831 2887 1022 2958 &remedit-
