2350 3967
275 425 322 479 iN
360 420 396 485 Q.
429 422 631 485 CURTHJM
666 422 697 476 L.
732 423 754 477 i.
821 433 859 486 {a

187 512 271 579 uulgus
286 511 396 562 militum
406 508 578 561 misericordia
588 527 796 574 permoveretur,
811 513 861 568 dux

190 599 266 631 eorum
275 580 397 645 Astylus‚
413 579 492 629 Arcas
506 592 613 641 genere,
627 596 707 629 moras
722 580 864 643 nectebat5

189 666 236 699 non
251 665 298 699 tam
316 646 411 711 incepti
428 644 577 695 difficultate
592 644 711 711 territus,
728 665 800 712 quam
815 665 863 713 per

192 715 329 775 avaritiam,
346 730 396 765 uta
409 710 584 763 festinantibus
593 713 770 765 eaneeessitaoe
782 716 863 769 anxiis

193 785 260 845 majus
273 781 423 847 stipendium
440 778 575 843 acciperet.
585 780 678 832 Decem
693 782 786 833 talenta
799 801 864 849 pos·

195 852 317 909 rebantur,
334 868 362 900 ea
383 866 439 903 cum
457 846 567 897 Thebani
590 864 641 899 non
661 848 824 913 conficerent,
845 869 862 901 a

195 885 348 967 Macedonicae
365 914 484 967 factionis
495 912 635 970 hominibus
645 918 729 967 oblata
743 934 799 969 sunt
807 954 832 978 r
828 934 862 970 ut

164 996 168 1003 ·
193 984 330 1062 quiesceret
341 990 381 1037 lta
392 986 424 1033 de
435 982 565 1034 Arcadum
579 982 677 1035 auxiliis
690 986 862 1039 Thebanorum

197 1069 232 1115 spe
234 1070 243 1101 s
255 1052 278 1103 iu
289 1051 394 1103 nihilum
405 1048 507 1101 recidit.
525 1049 596 1101 Alias
610 1065 693 1102 tamen
701 1070 731 1103 ex
738 1054 798 1103 Pelo
801 1071 865 1119 pon·

195 1135 247 1169 ueso
262 1119 343 1183 copias
358 1136 390 1169 ne
406 1118 522 1169 adversus
535 1118 629 1168 Thebas
646 1119 802 1178 militarent,
818 1138 867 1185 po-

197 1184 258 1237 euniu
270 1186 451 1238 Demosthenes
462 1184 563 1235 avertit.
580 1187 692 1253 Namque
698 1204 811 1239 trecenta
820 1206 864 1241 ta-

196 1247 255 1303 itura
269 1272 281 1302 u
293 1254 374 1305 Persis
391 1251 515 1316 accepisse
533 1250 679 1313 dicebatur,
697 1254 764 1321 queis
779 1257 811 1305 ad
826 1260 867 1307 fa·

197 1322 328 1373 cessendum
337 1320 484 1373 Alexandro
494 1319 624 1385 negotium
633 1337 753 1373 uteretur.
767 1322 834 1373 His
828 1340 865 1373 uta

195 1388 326 1449 nuntiatis,
354 1388 500 1440 Alexander
517 1402 605 1451 prater
621 1390 748 1444 Eordaeam
765 1404 791 1439 et
807 1392 867 1466 Elys-

196 1455 298 1515 uiuum,
321 1472 445 1533 rupesque
462 1455 610 1523 Stymphuas
633 1472 659 1507 er
675 1456 783 1523 Paryaeas
800 1456 867 1521 rapit

198 1524 345 1583 exercitum3
362 1522 522 1589 septimoque
540 1539 598 1587 post
616 1522 657 1575 die
671 1540 745 1589 quam
761 1543 776 1575 a
793 1524 865 1577 Pelio

197 1590 322 1651 movisset,
336 1586 598 1643 PellenenThessaliae
610 1590 730 1655 oppidum
738 1592 868 1657 pervenit.

197 1658 252 1708 Post
264 1674 351 1711 sextum
362 1658 457 1711 deinde
468 1658 550 1709 dicm'
542 1676 568 1709 tn
575 1658 696 1711 Boeotiam
706 1660 792 1718 venit5
806 1678 867 1713 mox

199 1726 352 1788 Onchestum,
369 1745 417 1779 sex
426 1723 527 1776 circiter
536 1744 648 1791 passuum
655 1726 767 1782 millibus
779 1745 792 1777 a
802 1728 868 1780 The

199 1792 232 1843 his
247 1766 370 1847 distantein
387 1793 524 1871 processit.
544 1798 612 1847 Inter
626 1795 676 1845 haec
691 1794 801 1852 Thebani
815 1812 868 1847 ma·

200 1862 247 1923 jore
263 1862 337 1913 animo
350 1881 428 1930 quam
448 1860 556 1911 consilio
578 1862 753 1913 administratis
768 1863 840 1914 rebus
856 1899 866 1922 ,

199 1928 299 1980 omnium
317 1930 396 1996 ignara
387 1930 532 1997 ';agebant
542 1929 662 2003 necdum'
654 1945 721 1979 mera
732 1932 805 1995 Pylas
815 1946 869 1987 esse

202 1998 322 2049 credebant
330 2000 499 2050 Macedonum
512 1996 613 2061 copias:
623 1994 703 2061 ipsum
713 2013 774 2047 vero
783 2014 866 2061 regem

200 2065 319 2115 adventare
335 2067 396 2117 adeo
409 2066 485 2117 fidem
496 2065 639 2128 superabat,
658 2079 687 2115 ut
696 2066 778 2132 potius
789 2068 867 2117 alium

203 2131 358 2187 Alexandrum
366 2134 458 2202 AEropi
466 2134 551 2197 fidium
563 2134 682 2186 exercitui
690 2150 830 2211 preesse
804 2149 867 2183 com

202 2202 330 2252 tenderent.
343 2206 398 2254 Rex
419 2202 450 2251 ad
469 2204 552 2251 fanum
570 2198 633 2251 lolai
650 2215 740 2277 positis
757 2199 866 2261 castris,

202 2269 260 2331 quod
270 2284 322 2319 anre
333 2268 472 2321 Procridem
486 2283 583 2345 portam
592 2283 648 2325 est,
662 2264 809 2331 ponitentiae
821 2285 869 2319 eo-

200 2337 334 2387 rumloenm
342 2338 402 2387 dare
414 2334 578 2387 conatkuerae
587 2353 595 2394 ς
605 2303 724 2392 cuinilii,
735 2334 867 2399 eruptione

199 2404 315 2461 faeta,1n
336 2404 460 2455 stationes
480 2403 669 2454 Macedonum
662 2402 773 2460 invecti,
791 2421 866 2467 qnos·

200 2470 250 2521 dam
264 2470 438 2529 interficiunt,
456 2468 520 2521 alios
535 2471 596 2548 ioco
608 2471 722 2535 peliunt3
741 2471 821 2520 donec
833 2472 865 2521 ad

200 2536 297 2601 ipsajam
307 2556 392 2591 castra
396 2554 541 2605 suggressos
550 2538 637 2589 emissa
645 2536 712 2602 regis
727 2538 793 2597 iussu
801 2538 865 2590 levis

200 2620 309 2681 ¹artusarura
325 2606 426 2671 rejecit.
444 2606 549 2655 Postero
561 2604 602 2656 die
616 2606 648 2654 ad
662 2619 764 2668 portas,
779 2605 867 2669 quibus

200 2669 222 2721 in
231 2674 342 2727 Atticam
351 2670 491 2727 euntibus
484 2688 531 2723 scer
540 2688 597 2731 est,
615 2687 730 2737 promoto
740 2673 865 2737 exercitu,

200 2756 225 2791 ut
231 2760 277 2793 suus
286 2742 377 2793 inarce
387 2740 514 2817 conclusis
523 2754 607 2803 praesto
618 2755 696 2798 esset5
708 2742 784 2791 adhuc
795 2759 868 2792 cunc.

200 2809 304 2869 tabatur,
321 2826 348 2863 er
362 2810 383 2860 ei
399 2806 532 2873 paeniteret
545 2808 657 2863 erroris,
673 2807 767 2859 veniam
780 2826 867 2861 osten-

199 2876 269 2931 tubat.
277 2879 323 2931 Sed
333 2878 425 2947 quibus
435 2893 483 2941 pax
495 2875 626 2939 placebat
635 2876 850 2941 potentiaeuulunt
857 2915 868 2952 2

675 2944 760 3013 eij
