2350 3967
360 469 393 560 s'4
458 469 486 553 i.
520 499 709 553 rnernsrr.
745 493 954 549 suumn.-

359 590 474 650 injusso
491 605 498 637 :
515 585 666 638 Alcimulum
684 602 739 635 eum
760 584 858 650 paribus
874 589 925 636 fere
947 583 1041 652 eoplle

342 653 451 718 ‚circum
468 653 577 706 AEolicas
597 653 739 718 lenitasque
760 652 852 702 Persici
873 651 932 716 juris
955 655 1035 705 trebes

358 720 446 772 mittit.
457 721 559 788 Utrique
568 721 701 782 injunctum
713 757 720 779 ,
734 735 777 776 ur,
792 719 882 772 abolito
891 736 1034 788 paucorum

359 791 483 840 dominatu
501 825 510 848 ‚
526 791 665 858 popularem
680 787 762 855 ulique
778 802 871 837 semum
889 789 1034 842 introduce-

360 873 424 908 rent·
444 855 542 921 Quippe
564 853 748 904 multitudinem
765 852 814 903 suis
833 853 904 903 r'ebus
926 855 1034 906 studere

345 979 348 986 ¹
359 937 528 988 compererat:
538 923 618 987 obque
630 936 683 972 eam
698 935 748 971 rem
761 933 878 986 tyrannm
891 937 903 969 a
917 920 1034 972 barbaris

358 987 505 1056 impositos,
522 1005 566 1054 per
579 1005 640 1054 quos
653 991 816 1039 eodrcererur.
830 987 879 1037 Per
892 1003 936 1038 eos
952 987 1008 1038 dies
1022 1024 1031 1046 ,

342 1054 416 1120 Ldum
431 1053 520 1120 Ephesi
535 1063 700 1118 commoratur
716 1049 872 1113 Alexander,
890 1069 917 1104 ut
931 1072 961 1106 ex
976 1056 1033 1107 ins-

344 1121 465 1188 ‚tentibus
482 1119 547 1176 curis
562 1137 682 1174 recrearet
697 1118 819 1180 animum,
836 1123 977 1188 frequenter
1002 1123 1031 1173 in

358 1191 480 1242 officinam
491 1190 590 1254 Apellis
605 1189 755 1248 ventitavit,
770 1207 783 1239 a
796 1207 845 1256 quo
857 1204 904 1239 imo
915 1187 1029 1256 effigiem

357 1277 424 1312 suam
444 1257 563 1324 penicillo
581 1257 683 1322 exprimi
700 1258 803 1308 volebat
820 1275 828 1307 r
846 1270 915 1308 tanto
936 1259 1030 1310 favore

344 1321 514 1391 fcomplexus,
532 1339 559 1376 ut
581 1320 764 1393 dilectissimam
786 1323 921 1388 pellicum,
940 1341 1030 1376 amore

344 1397 408 1456 ‚eius
421 1393 533 1458 deperire
546 1392 652 1444 sentiens
665 1392 800 1454 artificem,
818 1392 885 1441 dono
907 1391 1009 1443 dederit
1021 1409 1031 1452 3

355 1461 472 1512 Paneasta
486 1461 638 1522 vocabatur,
655 1477 683 1510 ex
698 1459 788 1509 larissa
802 1457 881 1508 nobili
893 1459 1029 1510 Thessasroe

357 1530 416 1579 urbe
425 1545 500 1594 genus
515 1525 605 1578 ducens
620 1545 627 1577 r
645 1529 787 1591 amabarque
804 1541 856 1576 eam
870 1541 912 1576 rex
927 1526 1028 1578 ardenti

356 1597 460 1654 affectu,
481 1595 515 1644 ob
529 1595 613 1645 {orme
626 1592 849 1658 pulchritudinem
866 1604 892 1644 et
906 1594 1026 1659 quoniam

345 1659 506 1724 [adolescenti
516 1661 593 1726 prima
603 1661 731 1711 mulierum
742 1662 771 1710 ad
785 1657 913 1718 libidinem
925 1663 1027 1724 placue-

345 1745 402 1790 ¹rat.
415 1731 472 1780 Hoc
483 1745 510 1779 ut
523 1726 748 1795 magnanimitatem
765 1727 900 1778 Alexandri
913 1741 964 1778 non
979 1729 1027 1780 de-

356 1797 445 1856 decet3
464 1796 498 1846 ita
513 1807 563 1848 non
582 1791 747 1855 ¹crediderim,
765 1798 790 1846 in
806 1793 899 1862 officum
913 1796 1026 1864 imperite

354 1867 432 1918 multa
444 1865 596 1918 disserentem
606 1863 635 1914 ab
651 1863 734 1930 Apelle
748 1864 857 1914 mordaci
867 1865 968 1917 dicterio
986 1879 1026 1916 re·

350 1948 459 2002 pressum
462 1932 550 1996 fuisse.
565 1932 630 1980 Nam
645 1929 671 1980 id
686 1945 764 1994 neque
775 1929 894 1993 majestati
904 1928 968 1981 tanti
985 1947 1025 1982 re·

259 2013 264 2022 “
344 1995 408 2066 gis,
422 2013 500 2063 neque
515 1998 641 2049 modesriae
649 1995 773 2062 pictoris,
787 1996 894 2047 hominis
903 2012 953 2047 non
967 2012 1023 2048 stu-

355 2063 409 2130 pidi
431 2075 476 2115 nec
500 2065 620 2124 indocti,
639 2062 795 2115 convenisset
811 2081 818 2115 ε
836 2078 863 2116 et
879 2065 1025 2116 Alexander

353 2131 497 2184 liberalibus
519 2131 608 2180 studiis
628 2131 658 2181 ab
674 2145 781 2183 extrema
797 2143 867 2182 etate
889 2131 1023 2192 imbutus,

274 2223 284 2246 r
354 2199 428 2250 etiam
439 2199 469 2248 de
479 2197 587 2257 artibus,
602 2210 719 2263 quasnon
732 2199 847 2258 calleret,
865 2198 928 2250 haud
937 2197 1024 2264 inepte

343 2263 460 2332 'judicare
472 2265 603 2317 didicerat.
616 2266 682 2316 Illud
691 2265 795 2330 propius
808 2281 869 2317 vero
884 2281 938 2325 est,
953 2268 1023 2333 quod

342 2331 394 2398 {alii
409 2332 579 2394 tradiderunt3
596 2335 719 2399 quemdam
730 2334 873 2402 epriesiae
881 2331 971 2386 Diana
981 2351 1024 2386 sn-

342 2401 502 2464 ‚cerdorr'bum
522 2419 578 2470 quos
588 2402 739 2466 Megabynos
752 2400 869 2478 appellari
882 2417 932 2453 mos
948 2414 1023 2463 erat‘,

305 2467 308 2476 '
350 2471 513 2538 reprehensum
530 2491 538 2520 :
557 2486 612 2520 cum
630 2467 727 2533 quidem
742 2483 765 2516 er
780 2466 876 2518 diceret
890 2469 996 2533 Apelles
1010 2507 1021 2529 ,

351 2537 427 2602 quoad
436 2539 552 2594 tacuisti,
570 2549 657 2587 aurum
666 2538 708 2588 ior
721 2549 793 2602 arque
800 2551 909 2604 purpure
921 2547 1022 2589 uenera-

325 2599 422 2670 'lilem
438 2619 461 2656 re
471 2603 598 2668 faciebant
619 2603 759 2670 imperirisp
778 2615 805 2652 ar
822 2619 886 2654 nune
906 2604 1022 2656 derebus

351 2687 409 2736 puus
421 2672 601 2738 non'imellr'gis
613 2671 761 2736 incipientem
770 2670 852 2735 loqui,
869 2671 942 2721 eriam
948 2673 1021 2739 pueri

352 2739 432 2788 rident
448 2737 487 2801 qui
500 2739 591 2787 colores
605 2749 696 2786 terum.
714 2737 742 2783 ln
751 2750 778 2784 ea
793 2735 855 2786 urbe
865 2736 942 2803 longe
956 2737 1021 2787 cele·

343 2799 480 2864 ¹berrirnam
495 2803 588 2860 edem,
603 2815 718 2866 utsupra
734 2801 835 2853 relatum
853 2819 907 2863 est,
925 2806 1020 2854 Heres-

289 2871 295 2886 *
350 2883 427 2919 eratus
448 2867 598 2920 incenderet.
617 2871 651 2918 Ea
672 2881 725 2920 turn
746 2885 839 2920 summa
855 2870 1019 2934 Ephesiorum

342 2925 406 2988 'euru
413 2947 422 2998 ,·
437 2935 595 3004 maximisque
608 2933 725 3005 impensis
739 2935 927 2993 innuebatur.
941 2939 1019 3006 Quu-

857 3075 880 3104 Ι

842 3134 860 3160 4
