2350 3967
332 450 529 526 LIBER
577 462 655 529 lx.
768 461 833 546 rte

143 558 265 627 nomen
278 563 383 625 belluis
400 564 441 625 eis
457 565 577 627 inditum
592 588 608 627 a
625 564 754 629 Graecias
769 587 829 628 ser·-

146 645 324 723 monisejus
332 645 424 725 ignari
433 644 508 705 aliud
519 645 615 739 lingua
626 668 672 707 sua
683 665 832 727 usurpant,

146 725 337 785 Rex‘duabus
347 724 460 785 urbibus
470 726 591 785 conditis
602 726 631 785 in
642 745 758 805 utraque
769 726 825 789 llu-

146 802 262 872 minis,
278 802 357 881 quod
368 823 566 881 superaverat,
580 802 640 884 ripa
653 828 662 879 ;
681 809 830 886 copiarum

146 884 240 944 duces
252 881 367 943 coronis
385 900 415 943 et
430 883 512 944 mille
526 886 616 945 aureis
631 886 757 970 singulos
775 886 828 947 do-

146 979 223 1024 nat:
239 963 340 1023 ceteris
350 983 464 1041 quoque
474 980 527 1042 pro
539 966 692 1041 portione,
706 983 755 1027 aut
763 986 829 1047 gra·
881 980 883 988 ⁴

147 1043 224 1111 dus,
247 1063 333 1120 quem
343 1042 373 1101 in
383 1043 484 1103 militia
503 1045 690 1119 obtinebant3
709 1062 757 1107 aut
771 1066 826 1107 na·

140 1139 225 1185 'vatae
236 1142 330 1199 operae
345 1160 356 1191 ,
377 1120 471 1182 honos
487 1121 598 1185 habitus
610 1144 660 1185 est.
673 1126 825 1197 Abisares,

146 1202 200 1279 qui
221 1203 299 1280 prius
324 1222 411 1278 quarn
431 1222 499 1262 curn
520 1201 597 1264 Poro
618 1204 797 1265 dimicaretur
816 1224 840 1273 ‚·

145 1282 264 1361 legatos
287 1281 321 1341 ad
344 1281 539 1342 Alexandrum
552 1283 705 1353 miserat,
734 1304 827 1344 rursus

146 1362 226 1422 alios
250 1360 351 1434 misit·,
376 1361 544 1439 pollicentes
572 1362 664 1421 omnia
682 1361 827 1438 sacrarum

146 1460 212 1519 quae
224 1439 409 1518 imperasset,
433 1438 511 1500 moda
522 1461 557 1500 ne
571 1458 714 1521 cogeretur
727 1460 825 1521 corpur

145 1537 231 1579 suum
253 1518 355 1581 dedere
365 1538 379 1591 ,·
401 1519 580 1598 nequeenim
602 1540 649 1581 aur
666 1521 729 1581 sine
747 1520 825 1599 regia
885 1530 888 1539 '

145 1597 266 1678 irnperio
276 1597 412 1659 victurum
423 1624 433 1659 :
445 1616 491 1657 aar
501 1618 675 1680 regnantrurn
687 1620 748 1662 esse
761 1620 828 1680 rap-

145 1678 256 1739 rivum.-
271 1678 329 1739 Cui
349 1678 516 1739 Alexander
530 1679 655 1741 nuntiari
675 1680 774 1757 jussit3
796 1676 824 1740 si

142 1774 316 1839 gravaretur
324 1756 361 1817 ad
371 1778 403 1817 se
414 1756 530 1829 uenire,
541 1758 630 1838 ipsum
642 1758 678 1821 ad
690 1780 749 1821 eum
761 1778 824 1821 esse

140 1854 307 1899 venturum.
330 1837 409 1898 Hinc
430 1837 506 1899 Poro
528 1860 668 1917 amneque
692 1856 822 1917 superato

143 1917 181 1977 ad
203 1916 341 1977 interiora
357 1917 443 1977 lndiae
465 1920 612 1997 processis.
633 1919 717 1981 Silva
742 1934 822 1979 erant

143 2016 238 2074 prope
250 1997 281 2055 in
292 1997 465 2059 immensum
477 1998 597 2075 spatium
609 1996 711 2059 diffissa:
722 2040 734 2067 ,
750 2018 820 2073 pro-

143 2078 276 2152 cerisque
294 2093 323 2136 et
342 2076 371 2135 in
387 2076 524 2137 eximiam
541 2077 721 2138 altitudinem
741 2076 833 2137 editis.

143 2156 295 2215 arboribus
315 2158 465 2216 umbrosae.
486 2156 617 2235 Plerique
638 2158 710 2217 rami
727 2156 822 2223 ,instar

143 2234 308 2316 ingentium
327 2234 531 2312 stipitumflexi
550 2239 580 2296 in
597 2237 737 2307 humum,
752 2257 820 2297 rur·

143 2336 209 2384 sus,
221 2335 318 2391 quase
328 2335 533 2386 curvaverant,
545 2316 820 2397 erigebanturadeoi

142 2412 176 2454 ur
186 2394 297 2471 species
314 2413 385 2455 esset
400 2415 460 2455 non
475 2398 547 2457 rami
563 2398 751 2476 resurgentis,
770 2396 819 2460 sed

142 2473 253 2533 arboris
264 2493 300 2533 ex
312 2496 360 2534 sua
378 2473 471 2536 radice
482 2494 632 2557 generatae.
648 2474 723 2535 Coeli
739 2492 818 2535 tetn·
864 2544 867 2551 Δ

139 2552 235 2630 peries
248 2553 365 2613 salubris
382 2578 391 2615 ι
405 2556 508 2633 quippe
518 2575 547 2617 et
556 2558 617 2617 vim
629 2556 695 2615 solis
711 2558 817 2623 umbrae
831 2618 834 2625 ,

140 2634 241 2693 levant
254 2654 266 2705 3
284 2648 315 2693 et
327 2655 404 2710 aquae
416 2634 500 2717 largae
519 2654 636 2695 manant
650 2656 666 2696 e
679 2635 815 2697 fontibus.

142 2711 281 2773 Ceterum
294 2711 340 2772 hic
350 2734 464 2791 quoque
473 2716 644 2792 serpentium
657 2736 760 2795 magna
772 2716 824 2777 vis'

140 2809 220 2859 erat,
242 2792 367 2869 squamis
382 2793 526 2875 fulgorem
545 2796 606 2856 auri
626 2796 816 2859 reddentibus.

139 2866 226 2938 ¹Virus
247 2869 325 2935 baud
349 2872 442 2937 ullum
462 2873 559 2957 'magis
585 2876 708 2939 noxium
739 2892 816 2947 este
