2350 3967
328 439 519 504 tinen
559 443 649 504 rrr.
774 459 835 521 ω

165 541 385 623 magnificentius
403 544 506 621 jactata
522 563 606 619 quarn
623 539 726 604 uerius.
740 541 831 605 Cete-

166 637 240 690 rum,
262 622 384 699 pecunia
403 625 484 683 omni
504 625 640 698 rebusque
659 623 830 699 pretiosissi-

166 703 212 760 nris
218 702 392 762 Damascum
401 702 487 778 Syriae
497 723 563 762 cum
575 701 691 761 modico
700 703 827 779 praesidio

165 781 279 842 miiitum
289 782 400 848 missis,
417 783 539 860 reliquas
550 779 646 858 copias
656 781 829 842 inCilicianr

168 859 254 929 duxit,
275 861 486 937 insequentibus
510 879 591 920 more
608 860 704 938 patrio·
724 882 828 942 agmen

167 938 277 1020 conjuge
298 957 326 998 et
350 957 454 1000 matre.
475 938 610 1020 Virgines
627 961 740 1016 quoque
760 962 828 1002 cum

124 1053 127 1060 ·
169 1038 246 1094 parvo
271 1019 333 1078 filio
358 1020 567 1096 comitabantur
589 1035 710 1096 patrem.
739 1017 826 1080 Forte

170 1095 256 1156 eadent
268 1116 356 1158 nocte
371 1115 401 1158 et
411 1097 572 1158 Alexander
588 1096 622 1157 ad
637 1098 750 1167 fauces,
765 1101 829 1176 qui-

169 1175 211 1235 bus
222 1175 295 1254 Syria
304 1176 417 1246 aditur,
438 1193 466 1236 et
477 1177 579 1236 Darius
588 1176 622 1236 ad
634 1198 699 1237 eum
709 1178 805 1238 locum
816 1218 830 1246 s

170 1275 244 1328 quem
262 1255 418 1316 Amanicas
436 1253 525 1336 Pylas
541 1273 668 1323 vocant,
689 1259 831 1333 pervenit.

171 1331 227 1394 Nec
241 1334 402 1396 dubitavere
418 1335 531 1402 Perse,
550 1335 618 1412 quin
633 1337 692 1394 Isso
708 1335 827 1404 relicta,

172 1433 243 1488 quarn
254 1432 403 1494 ceperant,
417 1414 740 1492 Macedonesfugerent.
749 1414 779 1472 N
781 1429 831 1475 ant

169 1493 243 1552 etiarn
257 1495 340 1554 saucii
358 1493 478 1572 quidam
496 1512 524 1554 et
545 1493 685 1563 invalidi,
708 1493 756 1571 qui
774 1515 829 1576 ag-

172 1591 228 1632 men
237 1593 293 1632 non
302 1591 439 1652 poterant
449 1575 596 1652 persequi,
612 1575 724 1651 excepti
736 1592 832 1638 erant.

170 1647 243 1725 Quos
265 1674 387 1722 ornnes,
419 1653 553 1714 instinctu
576 1670 793 1731 purpuratorum
815 1693 827 1724 ,

169 1729 270 1792 barbara
285 1733 397 1794 feritat-e
413 1733 585 1794 saevientium
604 1772 614 1801 ,
633 1731 764 1812 precisis
777 1731 828 1791 ad-

171 1807 277 1889 ustisque
286 1813 412 1872 menibus
424 1809 591 1872 circumduci
599 1851 608 1879 ,
618 1828 647 1870 ur
657 1810 749 1890 copies
760 1831 834 1871 sues*
916 1887 918 1892 Α

171 1905 300 1949 noscerent
316 1913 336 1964 f
352 1889 493 1979 catinae
513 1889 636 1950 cornibus
659 1890 793 1969 spectatis
808 1929 833 1959 ,,-

173 1967 284 2029 uariare
305 1991 361 2050 que
385 1969 529 2032 riidtsrenr
553 1967 616 2047 regi¹
637 1988 709 2036 suo,
739 1969 835 2046 jussit„

173 2043 249 2107 Motis
263 2071 328 2132 ergo
346 2051 467 2118 castris,
488 2065 602 2126 superat-
616 2046 751 2107 Pinarum
764 2069 835 2106 anr-v

173 2141 249 2196 nem,
269 2130 296 2188 in
311 2132 419 2212 tergis,
440 2146 471 2190 ut
490 2129 639 2196 credebat,
658 2126 833 2206 fugientium<

174 2201 288 2268 haesuntS.
298 2210 338 2270 At
347 2211 413 2278 illi,
426 2229 547 2286 quorum
559 2223 753 2286 amputaverat
764 2229 829 2267 mae

173 2301 237 2355 nus,
258 2287 289 2346 ad
312 2310 405 2350 castra
430 2288 622 2348 Macedonum
645 2303 794 2364 penetrant
817 2325 835 2356 ‚.

175 2357 281 2424 Deriurn
292 2387 368 2446 quarn
386 2365 508 2426 maximo
524 2387 607 2426 eursu
618 2383 713 2444 posset
720 2407 733 2435 ,
751 2365 834 2443 sequi

174 2445 324 2506 nuntiantes.
353 2447 418 2510 Vix
449 2445 517 2506 fides
542 2445 705 2506 habebatur.
730 2445 834 2520 itaque

175 2525 344 2596 speculatores
355 2528 386 2587 in
399 2525 558 2586 maritimas
566 2523 836 2604 regionespraemisw

175 2620 213 2660 ros
233 2603 376 2685 explorare
398 2605 497 2682 jubet,
520 2604 615 2683 ipsene
641 2600 774 2666 adesses,
795 2620 836 2660 en·

171 2677 343 2755 prefectorum
379 2681 484 2760 aliquis
516 2681 638 2762 speciem
657 2678 838 2819 Irebuissec‘

174 2756 282 2820 universi
296 2761 440 2824 uenientis
455 2761 604 2822 exercitus.
620 2761 655 2821 Se
689 2781 754 2820 curn
767 2781 834 2838 sper

174 2837 297 2902 matures
331 2859 570 2911 reverterentur,
604 2839 706 2920 procul
732 2839 840 2921 ingenus

704 2938 741 2997 Μ
