2350 3967
354 476 418 549 ’ᾀο
532 468 581 553 Q.
620 464 863 536 CURTH

313 627 317 634 .
358 592 456 638 rectus
470 590 626 637 estareem.
642 571 1031 655 Quippe111fluminatot2
1077 619 1080 662 Ξ

356 655 437 716 India
448 672 547 733 prater
556 652 682 735 Gangen
701 655 831 717 maxima
849 656 1032 715 munimento

358 735 429 796 arcis
437 735 579 813 applicant
589 736 688 796 undas.
704 737 731 795 A
744 736 944 813 septentrione
953 734 1033 795 Indus

356 814 458 888 alluit3
472 815 615 875 aineridie
625 815 760 875 Acesines
770 812 902 891 Hydaspi
913 814 1032 875 confun-

356 894 442 956 ditur.
464 894 599 955 Ceterum
620 894 749 954 amniurn
765 894 865 954 coitus
883 892 1032 953 maritimis
1086 916 1087 929 ¹

356 975 465 1035 similes
475 973 574 1034 fluctus
583 992 726 1042 movent,
752 975 909 1050 multoque
920 995 958 1034 ac
976 992 1032 1033 rur·

357 1054 424 1113 bido
443 1052 538 1123 iimo,
557 1053 635 1130 quod
646 1072 784 1130 aquarum
802 1074 951 1114 concursu
968 1055 1031 1113 sub·
1078 1073 1084 1126 Ι

356 1131 423 1193 inde
433 1132 579 1203 turbatur,
602 1132 655 1193 iter
666 1154 720 1209 qua
732 1126 831 1193 me'ant
842 1132 964 1215 navigia
977 1171 987 1201 ,
1005 1132 1031 1191 in

356 1224 474 1273 oenuem
484 1213 599 1273 alveum
610 1214 731 1293 cogitur.
749 1211 851 1289 Itaque
865 1234 936 1273 curn
946 1209 1029 1271 crebri

357 1289 457 1353 fluctus
468 1312 497 1353 se
510 1290 693 1361 inveherent,
710 1306 740 1351 et
754 1292 878 1353 navium
889 1291 958 1351 hine
970 1311 1030 1368 pro·

357 1392 420 1442 ras,
430 1370 496 1431 hinc
506 1373 592 1431 latera
603 1372 761 1447 pulsarent,
774 1372 934 1433 subducere
946 1389 1029 1431 nauta

357 1470 515 1530 coeperunt.
524 1450 577 1510 Sed
586 1451 858 1511 ministeriaeorum
867 1450 937 1512 binc
946 1469 1028 1517 meru,

355 1530 425 1591 binc
442 1531 593 1608 praerapida
605 1531 747 1590 celeritate
764 1528 924 1592 fluminum
943 1551 1026 1592 occu-

357 1629 468 1689 pantur.
481 1611 513 1670 ln
526 1610 616 1669 oculis
632 1609 690 1669 duo
701 1608 814 1685 majora
827 1613 967 1672 omnium
982 1632 1028 1669 na⁴

356 1690 434 1769 rigia
450 1693 593 1751 submersa
609 1707 696 1761 sunt,
713 1688 911 1755 levioracurn
932 1708 962 1753 et
978 1690 1030 1767 ipsa

356 1770 506 1846 nequirent
522 1770 605 1849 regi,
630 1770 659 1827 in
681 1770 771 1846 ripam
793 1784 899 1829 tamen
919 1770 1028 1830 innoxia

357 1849 476 1926 expulsa
485 1865 559 1909 sunt.
582 1848 644 1923 ipse
655 1868 704 1907 tex
715 1850 743 1907 in
757 1848 956 1925 rapidissimos
967 1870 1030 1911 ror-

355 1929 427 1988 tices
444 1927 544 1987 incidit
556 1950 565 1987 ε
577 1927 678 2005 quibus
696 1928 801 1987 intorta
822 1930 932 1997 navis,
958 1929 1029 1989 obli·

377 2029 436 2078 ua,
456 2026 486 2069 er
505 2008 689 2087 gubernaculi
710 2007 864 2084 impatiens
887 2012 1031 2089 agebatur.

356 2030 424 2154 iarn
436 2106 544 2147 vestem
560 2087 719 2147 detraxerat
734 2088 874 2165 corpori,
891 2090 1031 2167 projectu·

356 2186 404 2227 rus
420 2185 512 2225 semet
527 2166 557 2225 in
568 2164 675 2225 flumen
687 2188 706 2238 ᾗ,
714 2168 857 2243 amicique
868 2186 902 2227 ut
918 2170 1031 2245 excipe-

262 2244 269 2250 ’
355 2261 420 2305 rent
428 2264 516 2312 eum,
532 2242 605 2304 baud
618 2247 716 2321 procui
728 2249 852 2307 trabant:
867 2252 1032 2327 apparebat·

355 2344 412 2404 que
423 2323 697 2400 ancepspericulurn
708 2342 767 2385 tarn
782 2330 910 2387 nataturi
921 2369 931 2397 ,
951 2346 1031 2406 quarn

356 2403 491 2484 navigare
508 2406 721 2487 perseuerantis.
734 2404 811 2486 Ergo
823 2407 937 2489 ingenti
948 2425 1031 2468 certa»

355 2486 435 2548 mine
447 2485 593 2544 concitant
606 2504 721 2553 remos,
741 2506 907 2563 quantaque
923 2489 968 2549 vis
982 2487 1030 2546 hu·

354 2585 441 2625 mana
455 2583 515 2624 esse
528 2581 642 2640 poterat
655 2564 769 2625 admota
782 2583 824 2625 est
838 2604 847 2633 ‚
870 2587 904 2627 ut
915 2566 1030 2632 fluetus,

355 2644 405 2721 qui
422 2664 452 2703 se
469 2640 664 2713 invehebant,
683 2646 930 2708 everberarentur.
956 2643 1032 2706 Findi

353 2723 483 2782 crederes
503 2722 612 2791 undas,
633 2740 661 2783 et
679 2742 754 2784 retro
775 2726 903 2807 gurgites
923 2726 1031 2786 cedere.

355 2797 470 2876 Quibus
488 2803 603 2863 tandem
617 2802 696 2863 navis
708 2821 803 2881 erepta
816 2845 825 2873 ,
850 2826 913 2865 non
938 2823 1031 2865 tamen

355 2878 1031 2965 ripaapplicabatur,sedinproximum·vadum

908 2981 1036 3047 irbdbur.
