2350 3967
264 436 329 511 *rit
365 458 399 520 Q·
434 441 621 512 curris
654 459 684 510 t.
717 438 750 512 r.
786 449 855 535 ,stt

155 559 202 602 ‚se
220 547 254 598 ob
269 547 421 617 simultatem
438 563 492 596 cum
508 546 682 612 Hephaestione
700 547 765 615 regis
782 540 852 623 indp'·

159 667 163 676 ,
174 615 322 683 gestionem
332 613 461 684 incurrisse
470 605 689 681 sensisslct,mulliis
698 630 784 664 auctor
792 617 851 671 first,

175 698 251 748 seque
265 698 291 733 er
305 699 369 738 arana
383 699 425 731 sua
435 680 605 745 Hephaestioni
618 681 777 747 consectandi
788 699 795 731 a
805 697 853 744 pe·

175 745 346 816 cuniasquead
356 749 564 798 cohonestandum
574 750 644 817 funus
653 749 721 815 large
731 747 852 799 contulit.

159 820 237 869 =Hoc
254 815 499 880 exemplumirnitati
515 831 571 865 sunt
584 817 663 876 calmi
674 830 774 886 ,taque
792 830 851 864 more
924 868 926 872 ,

174 881 313 950 processit
326 881 517 932 assentationum
543 882 718 949 impudentia,
741 899 768 932 ut
794 881 850 948 regi

175 967 283 1004 moerote
291 965 317 1000 et
324 939 446 1000 desiderio
455 948 564 1001 defuncti
571 949 700 1000 insanienti
709 943 849 1017 peisuasum

152 1067 164 1088 f
174 1013 276 1076 tandem
291 1015 391 1084 suerit,
414 1017 492 1068 Deum
508 1036 555 1070 esse
572 1013 769 1086 Hepbaestionem.
787 1019 847 1078 Quo

174 1083 276 1152 quidem
285 1097 398 1150 tempore
407 1099 436 1132 ex
447 1083 571 1148 copiarum
583 1084 848 1150 ducibusAgathooles

173 1149 269 1213 Samius
285 1152 316 1202 ad
331 1151 466 1216 eritrernum
476 1149 582 1217 periculi
596 1151 682 1210 venit,
699 1153 766 1216 quod
779 1150 848 1202 illius

164 1221 305 1281 ,tumulum
315 1216 533 1283 praeteriens‘illasr
550 1234 628 1284 masse
640 1218 707 1268 visits
720 1232 791 1269 esset.
804 1217 846 1268 Ao

172 1285 223 1338 nisi
241 1285 371 1351 Perdiccas
388 1288 487 1338 venanti
503 1238 550 1341 sili
566 1287 754 1353 Hephaestionem
770 1303 844 1352 appa·

172 1356 253 1406 ruisse
265 1351 396 1404 ementitus
407 1389 415 1410 ,
421 1371 465 1420 per
473 1353 537 1406 Deos
551 1369 647 1410 omnes,
663 1352 780 1419 ipsamque
788 1353 844 1410 aie·

168 1423 326 1489 phastionem
345 1421 479 1482 dejerasset
495 1435 510 1480 ,'
529 1437 558 1472 aar
576 1421 626 1488 ipso
642 1435 667 1470 se
682 1420 845 1487 cognovisse,

170 1488 333 1556 Agathoclem
345 1506 391 1539 nou
400 1502 428 1538 aar
442 1490 580 1545 mortuum
596 1502 619 1538 ee
627 1487 846 1537 vanaedivinitotir

157 1556 258 1608 ,titulis
263 1556 365 1620 frustra
375 1569 488 1615 ornacum
488 1555 604 1616 flevisse,
621 1567 705 1603 verton
719 1553 747 1604 ob
756 1569 844 1604 mems-

157 1622 239 1684 ‚t'iam
251 1623 364 1688 pristinos
377 1620 516 1673 sodalitatis
528 1623 649 1688 lacrymas
660 1636 707 1670 uon
721 1621 843 1682 tenuisse‚·

169 1687 212 1750 vir
228 1685 302 1738 fortis
318 1703 344 1738 et
360 1687 391 1738 de
407 1702 464 1752 rege
481 1688 541 1737 bene
559 1685 678 1748 metitus,
699 1683 797 1749 pietatis
816 1685 843 1736 in

145 1799 148 1804 .
161 1753 278 1813 ,amicum
288 1772 376 1820 graves
386 1760 467 1818 poenas
476 1751 578 1804 innoxio
588 1752 842 1819 capitepependisset.

169 1823 288 1874 Ceterum
301 1837 327 1872 ut
335 1820 459 1886 paulisper
470 1839 483 1872 a
493 1820 561 1872 luciu
569 1823 685 1871 avocaret
692 1819 807 1881 animum,
815 1820 842 1872 in

168 1891 326 1950 Cossaeorum
336 1905 434 1955 gentem
448 1888 630 1954 expeditionem
642 1885 758 1952 suscepit.
775 1891 841 1954 Juga

167 1955 260 2008 Media
282 1955 365 2006 vicina
382 1955 472 2007 Cossai
489 1971 595 2014 tenent,
616 1970 727 2018 asperum
744 1970 769 2004 et
786 1971 842 2007 acre

189 2039 266 2085 enus,
284 2039 309 2074 et
321 2025 449 2088 predando
464 2021 540 2074 vitam
555 2022 662 2072 tolerare
675 2021 787 2073 solitum.
798 2023 841 2072 Ab

166 2041 208 2142 {is
216 2092 342 2140 Persarum
352 2108 421 2157 reges
430 2105 510 2140 annuo
521 2089 615 2140 tributo
624 2105 708 2154 pacem
721 2085 842 2140 redimere

166 2159 367 2216 donaueuerant,
385 2174 415 2208 ne
432 2157 456 2208 in
471 2158 579 2220 subjecta
594 2157 749 2208 decurrentes
764 2155 842 2208 infes-

165 2239 220 2278 tam
230 2225 368 2276 latrociniis
381 2225 508 2290 regionem
521 2228 639 2276 facerent.
653 2226 718 2274 Nam
726 2223 778 2275 vim
787 2240 842 2278 ten-

165 2307 250 2344 tantes
265 2293 349 2342 Persas
361 2291 434 2343 facile
448 2293 606 2358 repulerant,
626 2283 754 2356 asperitate
765 2293 839 2342 loco-

163 2375 225 2412 rum
236 2359 343 2419 defensi,
354 2359 378 2409 in
389 2375 439 2425 que
447 2377 472 2410 se
482 2357 649 2424 recipiebant,
659 2358 756 2423 quoties
764 2359 839 2411 armis

158 2428 354 2490 ,superabantur
369 2426 447 2494 Iidem
462 2425 602 2476 muneribus
613 2425 744 2502 quotannis
754 2417 841 2488 placa-²

166 2493 259 2548 bantur
273 2526 285 2555 ,Ι
303 2503 331 2544 ut
348 2493 400 2558 regi
417 2487 567 2552 Ecbatanis,
586 2492 628 2542 ubr
643 2490 727 2541 estiva
741 2493 839 2544 solebat

165 2563 261 2628 agere,
278 2562 427 2628 Babylonem
438 2557 596 2626 remigranti,
613 2570 680 2610 tutus
689 2574 732 2622 per
740 2575 768 2608 ea
780 2560 839 2610 loca

166 2627 287 2692 transitus
302 2643 376 2680 esset.
394 2631 449 2678 Hos
466 2626 542 2694 igitur
559 2625 701 2694 Alexander
718 2625 838 2690 bipartito

166 2695 267 2762 agmine
284 2711 426 2762 aggressus,
442 2695 506 2746 intra
514 2692 672 2760 quadraginta
682 2688 734 2742 dies
744 2694 838 2758 perdo·

165 2762 242 2816 tuuis.
256 2761 320 2814 Nam
331 2763 362 2812 ab
371 2761 425 2826 ipso
436 2779 511 2828 rege,
526 2777 552 2812 et
560 2755 712 2819 Ptolemaeo,
728 2758 769 2825 qui
783 2777 837 2826 pat·

165 2843 218 2882 sem
233 2830 358 2882 exercitus
374 2829 492 2889 ducebat,
512 2843 572 2892 sape
589 2825 662 2886 tasi,
681 2841 708 2878 ut
721 2828 837 2891 captivos

158 2895 224 2962 suos
236 2896 393 2978 reciperent,
410 2895 581 2966 permisetese
597 2893 762 3012 vithoriQIle
773 2891 836 2960 llll,

668 2979 684 3030 l
700 2977 729 3027 ¹¹}
