2350 3967
335 469 395 553 '538
518 465 562 548 Q.
601 455 846 529 eurr'rr

334 569 367 632 ln
379 567 489 651 lugubri
500 585 599 638 veste,
620 587 689 628 curn
704 567 879 648 conjugibus
896 561 1010 630 arisbe*

335 651 393 720 ris,
409 669 467 709 non
479 667 508 709 ur
520 651 661 710 victorem
670 664 700 707 et
711 647 802 707 modo
815 647 932 709 bostem
942 689 955 717 ,
968 649 1011 708 secl

335 747 367 790 ut
381 727 472 821 gentis
483 749 537 788 suae
549 727 731 806 justissimum
742 745 843 808 regens
853 747 928 788 vero
939 728 1010 788 desi·

334 807 414 868 deno
433 809 577 888 lugebant.
599 805 780 865 Assueti‘sub
797 825 868 888 rege
886 806 1011 876 vivere,

334 903 389 946 uon
402 884 509 954 alium,
526 885 571 964 qui
587 883 732 964 imperaret
741 883 836 964 ipsis,
855 884 1009 964 digniorem

327 961 426 1042 fuisse
439 964 657 1025 confirebantur.
674 963 738 1023 Nec
755 963 845 1023 muris
856 964 935 1024 urbis
947 965 1010 1024 luc-

332 1043 604 1104 cusconrinebaturr
624 1041 671 1101 sed
682 1042 848 1118 proximam
859 1043 1009 1124 regionem

332 1124 369 1182 ab
389 1141 444 1192 ea,
467 1122 567 1182 deinde
585 1140 722 1200 magnam
742 1138 856 1198 partera
877 1122 955 1181 Asiae
971 1123 1011 1182 cit

332 1197 495 1279 Euphraten
509 1201 580 1260 tanti
597 1201 667 1259 mali
680 1200 755 1260 fama
770 1217 946 1278 pervaserat.
961 1201 1006 1262 Ad

333 1274 417 1341 Darii
428 1299 539 1358 quoque
555 1296 676 1340 matrem
693 1280 824 1339 celeriter
834 1281 945 1357 perlata
957 1298 1008 1343 esc·

333 1357 464 1420 Abscissa
472 1375 646 1452 ergoveste,
657 1377 712 1436 qua
722 1357 819 1419 incluta
832 1376 912 1429 crat,
923 1359 1011 1439 lugu·

333 1435 415 1498 brena
435 1455 552 1510 sumsrtr
578 1437 761 1514 laceratisque
780 1436 907 1497 crinibus
924 1434 1007 1498 humi

332 1535 437 1596 corpus
448 1516 560 1595 abjecit.
585 1515 731 1575 Assidebat
740 1515 768 1574 ei
780 1517 870 1576 altera
882 1537 920 1576 ex
936 1535 1009 1594 nep·

332 1595 427 1666 libus,
442 1615 531 1674 nuper
542 1595 675 1654 amissum
686 1592 924 1672 Hephsrstionern
935 1637 946 1664 ,
962 1595 1007 1656 cui

332 1691 486 1752 nupserat,
507 1674 627 1756 lugens;
647 1677 827 1752 propriasque
842 1696 943 1735 causas
953 1676 1008 1734 do-

330 1751 402 1813 loris
413 1753 442 1812 in
452 1753 601 1814 communi
612 1755 744 1813 mestitia
757 1756 938 1814 retractabat.
951 1753 1006 1814 Seu

331 1832 465 1894 omniurn
483 1851 598 1892 suorum
609 1833 685 1892 mala
698 1831 869 1912 Sisygambis
887 1853 945 1892 una
958 1853 1010 1893 ca·

331 1911 439 1990 plebat.
453 1911 506 1972 llla
518 1931 599 1972 suam
611 1951 622 1980 ,
639 1912 688 1971 illa
701 1913 830 1988 neptium
841 1913 941 1972 vicem
956 1912 1009 1972 fle·

333 1991 393 2051 bat.
404 1991 514 2050 Recens
529 1990 614 2050 dolor
630 1991 717 2050 etiam
730 1991 868 2068 praeterita
885 2009 1009 2052 reuoca-

331 2085 422 2130 uerat.
433 2067 569 2132 Crederes
579 2069 668 2129 modo
677 2071 811 2130 amissum
820 2070 967 2138 Darium,
979 2086 1008 2130 er

328 2147 434 2225 pariter
455 2149 562 2208 misera·
581 2149 702 2208 duorum
722 2148 851 2209 filiorum
868 2150 1004 2226 exequias

329 2243 390 2285 esse
400 2225 549 2286 ducendas.
561 2225 661 2286 Flebat
671 2245 801 2288 mortuos
811 2229 899 2288 simul
908 2230 1006 2289 viros·

329 2319 396 2382 que.
420 2297 510 2382 Quem
531 2303 605 2364 emim
622 2304 772 2386 puellarum
790 2323 919 2366 acturum
943 2327 1004 2366 esre

329 2383 450 2444 curum?
465 2403 541 2468 quem
553 2383 638 2443 ulium
643 2383 767 2458 futurum
781 2383 1003 2446 Alexandrum?

328 2460 433 2522 iterum
452 2481 483 2522 re
494 2481 611 2534 capras,
635 2462 732 2522 iterum
746 2462 892 2524 excidisse
910 2483 1003 2544 regnu.

328 2534 390 2619 Qui
402 2557 505 2600 mortuo
517 2541 609 2603 Dario
620 2539 695 2620 ipsus
708 2559 829 2602 ruererur
839 2543 983 2623 reperisse
989 2563 1003 2614 ,·

328 2618 376 2696 qui
383 2635 448 2696 porr
458 2617 646 2681 Alexandrum
655 2621 825 2700 respiceret,
842 2622 940 2699 urique
951 2643 1004 2682 nort

328 2709 494 2774 reperturus.
521 2699 636 2760 Subibat
659 2700 733 2759 inter
755 2699 815 2759 hec
837 2702 1004 2770 animum,

326 2773 468 2866 octoginta
480 2775 586 2853 fratrer
607 2797 671 2837 tuor
692 2777 785 2838 eodem
801 2777 849 2838 die
867 2778 903 2838 ab
925 2778 1021 2841 chou

327 2869 484 2921 eeurrsrmo
502 2875 596 2939 regum
613 2855 790 2932 trucidatos,
813 2855 1005 2942 adiectumque
