2350 3967
370 460 430 529 468
550 454 593 537 Q.
633 453 875 519 CURTII

371 556 466 619 necari
481 557 588 633 jubent.
599 557 715 636 Nuptiis
727 555 854 626 coeunt,
870 576 930 617 nort
947 574 1060 639 genere

371 658 407 699 ac
418 638 567 699 nobilitate
577 637 756 715 conjunctis,
775 637 824 697 sed
837 637 930 699 electa
947 660 1059 716 corpo·

370 736 434 777 rum
453 718 569 795 species
593 719 659 794 quia
677 717 776 778 eadem
792 717 950 777 aestimatur
967 719 999 776 in
1016 720 1054 778 li-

370 798 453 858 betis.
462 797 557 875 Hujus
563 796 874 878 gentisoppidum,cui
884 796 1055 859 Alexander

321 944 325 951 Ι
368 875 537 937 admoverat
558 877 675 954 copias,
701 876 736 935 ab
752 875 813 951 ipso
830 874 956 953 Sophite
973 878 1051 938 obti-

368 958 498 1017 nebatur.
513 956 624 1016 Clausa
638 973 717 1015 erant
732 972 843 1031 portae;
862 954 913 1015 sed
928 959 1005 1017 nulli
1022 956 1051 1015 in

367 1036 457 1095 muris
472 1036 647 1112 turribusque
665 1056 695 1095 se
711 1034 813 1094 armati
830 1036 1024 1097 ostendebant
1041 1058 1049 1097 ε

366 1112 586 1191 dubitabantque
602 1114 798 1183 Macedones,
818 1113 1048 1177 deseruissentne

365 1195 468 1253 urbem
484 1194 607 1264 incolae,
632 1216 667 1253 an
686 1192 782 1253 fraude
804 1210 834 1251 se
852 1196 1046 1257 occulerent:

365 1291 433 1332 cum
442 1275 535 1335 subito
545 1273 682 1351 patefacta
694 1289 797 1351 porra,
814 1292 866 1332 rex
879 1273 969 1335 lndus
979 1297 1042 1336 curn

365 1351 475 1414 duobus
484 1354 584 1414 adultis
594 1353 659 1413 filiis
672 1350 813 1420 occurrit,
830 1353 964 1415 multum
977 1357 1045 1417 inter

365 1450 472 1493 omnes
488 1435 620 1493 barbaros
637 1431 764 1493 eminens
784 1433 921 1508 corporis
938 1436 1040 1512 specie.

364 1507 459 1571 Vestis
469 1529 530 1574 erat
539 1532 609 1573 auro
622 1530 798 1590 purpuraque
808 1511 968 1583 distincta,
986 1536 1041 1591 qua

363 1590 451 1651 eriam
461 1612 542 1667 crura
555 1592 668 1653 velabat
681 1613 690 1651 ε
704 1590 796 1651 aureis
813 1592 905 1651 soleis
919 1592 1040 1654 inserue-

361 1686 407 1729 rat
431 1691 561 1751 gemmas
583 1694 593 1731 r
615 1671 713 1731 lacerti
736 1690 851 1747 quoque
873 1690 905 1731 et
931 1672 1038 1735 brachia

362 1751 522 1829 margaritis
537 1768 636 1811 ornata
650 1766 740 1811 erant.
756 1746 926 1811 Pendebant
940 1774 977 1813 ex
992 1774 1037 1812 au-

360 1827 437 1891 ribus
453 1830 577 1912 insignes
594 1829 717 1891 candore
734 1846 763 1889 et
777 1831 981 1909 magnitudine
997 1835 1035 1891 la·

361 1907 436 1985 pilli.
455 1910 594 1971 Batulum
615 1930 732 1970 aureum
753 1908 857 1986 berylli
880 1912 1034 1993 distingue·
1085 1888 1086 1954 l

362 1988 452 2062 baara
467 2010 525 2068 quo
535 1990 638 2051 tradito
649 2006 795 2068 precatus,
812 2006 842 2048 ut
853 2008 955 2068 sospes
966 1990 1034 2051 arci·
1084 2062 1085 2069 ἵ

357 2083 451 2206 ἕνα,
464 2090 493 2129 se
501 2071 660 2146 liberosque
669 2086 820 2149 ergentem
829 2090 912 2129 suam
923 2071 1030 2131 dedidit.
1084 2080 1085 2128 l

393 2147 483 2208 obiles
496 2148 530 2208 ad
548 2149 711 2209 venandum
728 2168 812 2207 canes
824 2148 854 2206 in
869 2168 905 2208 ea
919 2152 1029 2231 regione

358 2243 442 2297 sunt3
464 2224 568 2288 latratu
581 2224 720 2289 abstinere
737 2227 891 2296 dicuntur,
914 2248 975 2289 curn
990 2228 1029 2289 vi·
1083 2236 1084 2302 p

359 2300 423 2365 dere
431 2301 542 2381 feram,
559 2306 689 2375 leonibus
704 2306 831 2367 maxime
848 2307 956 2371 infesti.
970 2308 1028 2368 Ho-

357 2404 424 2446 rum
449 2387 511 2446 vim
533 2404 566 2446 ut
592 2386 749 2447 ostenderet
777 2385 978 2456 Alexandro,
1001 2389 1026 2445 in

359 2483 513 2544 conspectu
540 2467 659 2525 leonem
688 2464 798 2525 eximie
831 2468 1026 2547 magnitudinis
1082 2458 1083 2478 ¹

360 2544 439 2623 jussis
446 2545 555 2614 emitti,
566 2563 595 2606 er
604 2564 640 2604 rv
649 2545 769 2605 omnino
779 2544 929 2607 admoveri
939 2568 1024 2614 canes,

358 2625 408 2701 qui
420 2624 549 2687 celeriter
558 2623 892 2702 occupaveruutferam3
912 2647 975 2685 curn
992 2644 1023 2685 ex
1081 2638 1082 2652 ¹

358 2702 422 2772 iis,
443 2705 492 2782 qui
513 2721 692 2765 assueverant
716 2703 818 2764 talibus
844 2704 1024 2775 ministeriis,

358 2801 450 2851 uuus,
463 2784 541 2845 canis
553 2782 631 2844 leoni
643 2804 708 2843 cum
720 2783 781 2842 aliis
794 2782 955 2844 inhaerentis
968 2804 1022 2845 crus

358 2861 504 2935 auellere,
529 2879 559 2928 et
577 2862 644 2944 quia
663 2882 724 2927 nott
742 2864 936 2943 sequebatur,
956 2864 1023 2929 ferro
