2350 3967
351 455 410 524 '540'
530 444 575 526 Qs
621 443 649 508 C
668 445 701 508 U
720 443 746 506 R
764 442 795 505 T
813 443 864 506 11

346 545 500 612 consiliunt
511 565 562 626 par
570 545 759 637 magnitudini
770 543 860 606 animi
871 581 884 614 ‚
896 556 928 606 et
936 562 1028 624 quun·
1055 541 1062 557 ¹

347 645 408 688 carn
418 629 466 690 uix
475 641 585 704 poterat
602 646 666 686 aeras
676 646 736 705 epus
745 644 870 702 capere,
888 623 1027 686 solertia:

347 707 449 768 modus
458 705 677 766 immodicamm
685 704 872 782 cupiditatum
882 698 1026 772 §Veneris

345 783 419 846 intra
438 785 565 844 naturale
585 783 752 844 desiderium
772 803 864 850 usus,
886 790 944 842 nec
966 783 1025 842 ulla

346 863 454 924 nisiex
472 863 609 942 permisso
628 858 697 922 volu
718 879 782 934 tas;
800 861 830 920 in
870 880 934 920 ntes
952 881 1023 937 pro·

346 942 425 1004 fecto
440 941 519 1003 dotes
534 959 624 1002 etant.
635 941 688 1000 Illa
698 883 833 1008 iumine,
873 939 907 1000 'is
915 959 1023 1016 equare

345 1041 398 1089 re,
413 1038 441 1082 et
452 1023 577 1082 coelestes
593 1019 718 1082 honores
730 1038 898 1087 accersere,
916 1037 946 1078 er
957 1019 1022 1079 ralia

345 1099 525 1162 suadentibus
536 1099 659 1160 oraculis
670 1085 784 1160 credere
795 1139 806 1165 ,
825 1116 856 1158 et
865 1097 1024 1179 dedignan-

345 1177 420 1241 tibus
442 1179 570 1240 venerari
592 1178 686 1256 ipsum
709 1175 912 1242 vehementius
936 1198 1021 1254 quarn

346 1269 399 1338 par
413 1277 484 1320 esset
493 1258 594 1328 irasci3
609 1259 638 1316 in
648 1267 797 1318 externum
811 1254 947 1318 habitum
959 1277 1020 1316 mu·

347 1353 408 1398 tare
422 1337 549 1414 corporis
566 1338 701 1405 cultum,
721 1334 828 1396 imitari
843 1335 1021 1396 devitarunt

346 1416 475 1498 gentium
489 1436 603 1484 mores,
617 1436 685 1492 quas
697 1434 763 1474 ante
777 1413 934 1474 victoriam
945 1434 1023 1490 spre·

345 1513 437 1558 verat.
454 1493 532 1556 Nam
546 1493 719 1554 iracundiam
733 1510 762 1554 et
778 1493 947 1570 cupidinem
962 1492 1022 1555 vini

346 1573 432 1634 sicuti
447 1573 559 1646 iuventa
574 1573 746 1640 irritaverat,
763 1571 803 1632 ira
816 1586 951 1632 senectus
966 1570 1019 1632 mi·

247 1651 250 1658 '
344 1651 435 1732 rigare
445 1649 590 1730 potuisset.
600 1646 757 1712 Fatendum
767 1668 808 1711 est
817 1669 937 1720 tamen,
955 1671 1019 1712 cum

364 1731 498 1792 lurimum
520 1729 617 1792 virtuti
638 1731 785 1798 debuerit,
805 1731 868 1808 plus
892 1729 1017 1790 debuisse

341 1751 483 1878 fortuma,
505 1831 593 1888 quarn
606 1811 683 1872 solus
699 1811 830 1870 omnium
848 1810 1017 1870 montilium

342 1883 374 1950 in
389 1905 526 1966 potestate
541 1887 649 1949 habuit.
660 1888 781 1966 Quoties
791 1889 876 1948 illurn
895 1911 912 1948 a
925 1905 1017 1948 morte

342 1967 515 2030 revocavit?
530 1968 641 2044 quoties
651 1985 756 2028 temere
767 1967 798 2026 in
807 1967 940 2044 pericula*
949 1987 1016 2028 rec-

342 2063 406 2109 tum
417 2065 548 2123 perpetua
559 2047 693 2107 felicitate
702 2045 845 2124 protexit?
857 2045 936 2106 Vitae
947 2067 1018 2124 quo·

308 2133 319 2172 ⁴
341 2143 398 2204 que
409 2123 496 2184 finem
510 2118 645 2186 eumdem
660 2119 723 2193 illi,
741 2146 827 2203 quem
843 2126 947 2206 glosis
961 2145 1015 2186 sta-

341 2203 407 2266 tuit.
421 2201 705 2282 Exspectaveteeum
720 2204 798 2273 fata,
813 2197 883 2264 dum
895 2201 1014 2266 Oriente

340 2281 528 2362 perdomito,
551 2281 685 2359 aditoque
708 2281 858 2350 Oceano,
882 2283 1014 2360 quidquid
1079 2292 1080 2347 ἐ

340 2359 501 2424 mortalitas
518 2362 673 2438 capiebat,
696 2361 838 2439 impleret.
859 2357 940 2422 Huic
956 2362 1013 2444 regi

341 2433 462 2518 ducique
481 2460 625 2501 successor
641 2444 837 2518 quaer'ebatur:
855 2441 904 2502 sed
923 2443 1011 2518 major

340 2519 435 2582 moles
450 2536 527 2584 erat,
545 2534 632 2594 quam
640 2536 672 2580 ut
682 2542 753 2580 unus
764 2521 858 2580 subire
871 2540 938 2580 earn
949 2542 1014 2597 pos·

339 2617 395 2660 scr.
410 2597 507 2674 Itaque
519 2611 627 2656 nomen
638 2619 752 2674 quoque
766 2599 827 2674 ejus
839 2598 957 2660 etfama
967 2618 1011 2658 re-

339 2689 406 2737 rum
421 2675 452 2734 in
466 2693 558 2736 totum
574 2677 781 2755 propemodum
797 2681 923 2746 orbern,
938 2699 1010 2768 reges

251 2817 260 2832 Ι
338 2773 471 2845 ιοιτεςηα
482 2753 606 2836 diffudir3
620 2755 822 2832 clarissimique
834 2775 902 2816 sunt
912 2756 1007 2824 habiti,

338 2845 388 2976 {ur
406 2831 493 2894 eriam
509 2833 723 2917 miniruaeparti
735 2853 818 2898 uutae
827 2835 951 2902 fortuna
964 2836 1010 2906 ad:

383 2926 488 2978 rerunt·
