2350 3967
265 423 267 425 ’
342 432 680 518 ursorum.
790 460 848 533 atr

163 531 251 598 brien
268 551 333 606 est,
353 557 405 598 neo
417 537 508 602 invita
518 546 605 607 teneri
616 567 718 630 potest.
734 549 851 624 Salubre

146 613 320 676 ⁴monsilitun
330 635 448 694 sequens
459 641 537 698 quam
548 645 671 703 pratens
684 649 790 714 tempus
803 656 851 702 oo-

163 692 264 755 tendit
277 693 390 758 melius.
400 695 510 779 Impone
516 701 656 778 felicitati
672 728 726 773 tuoe
728 712 851 792 frenos,

154 770 290 850 facilius
312 773 391 836 illam
409 798 501 857 reges.
523 783 629 846 Nostri
649 788 711 850 sine
732 795 850 874 pedibus

164 851 269 912 dicunt
280 873 343 919 esse
351 854 514 931 fortunam,
531 882 591 940 quoe
599 886 696 928 manus
706 888 733 932 et
739 894 849 954 pennos

161 949 278 994 tantum
288 930 371 995 babet
379 955 393 1007 ;
410 957 471 996 cum
481 958 579 1002 manus
588 947 725 1028 porrigit,
739 973 848 1033 pennas

185 1031 274 1090 stoque
286 1012 508 1094 comprehendere
519 1042 573 1081 non
584 1024 665 1089 sinit.
678 1027 809 1109 Denique
819 1035 849 1098 si

163 1031 254 1152 licus
266 1111 323 1160 es,
343 1093 464 1156 tribuere
476 1099 637 1166 mortalibus
650 1105 784 1190 beneficia
793 1114 848 1178 ele-

167 1167 220 1230 bes
232 1189 245 1242 ;
265 1191 322 1231 non
333 1193 385 1232 sua
394 1175 500 1255 eripere
510 1204 522 1240 .-
533 1180 580 1242 sin
594 1204 684 1246 autem
695 1188 772 1252 bomo
786 1215 824 1254 es·
831 1215 847 1269 ,·

166 1247 202 1311 id
210 1249 282 1328 quod
293 1271 344 1322 es,
360 1274 467 1333 semper
474 1277 536 1319 esse
545 1278 592 1332 te,
608 1266 712 1344 cogita.
723 1267 845 1336 Stultum

168 1346 216 1390 est
232 1349 325 1391 eorum
340 1333 517 1408 meminisse,
529 1359 640 1421 propter
650 1365 708 1424 qua
722 1350 761 1409 tui
773 1349 845 1412 obli-

164 1407 299 1474 visceris.
312 1406 423 1492 Quibus
433 1411 594 1498 bellumnon
604 1421 755 1499 intuleris,
765 1428 846 1496 bonit

163 1488 272 1562 amisis
285 1491 391 1571 poteris
410 1491 464 1556 uti.
481 1495 561 1560 Nam
575 1501 780 1592 etfrmissima
801 1531 846 1575 est
934 1562 936 1566 .

163 1567 242 1629 inter
262 1590 345 1650 pares
366 1571 492 1635 amicitia
503 1596 517 1648 ;
539 1596 567 1639 et
587 1581 714 1646 uidentur
733 1608 844 1668 pares,

162 1647 213 1727 qui
229 1647 419 1726 nonfacerunt
432 1651 506 1741 inter
524 1678 556 1717 se
565 1661 718 1748 perieulum
730 1667 844 1740 uitium.

164 1723 252 1808 Quos
263 1729 366 1791 viceris
377 1772 387 1802 ,
405 1750 510 1806 amicos
519 1736 569 1797 tibi
580 1760 642 1801 esse
651 1764 718 1806 eave
732 1749 844 1818 credas.

164 1806 250 1869 Inter
259 1807 397 1872 bominum
408 1827 436 1872 et
443 1833 550 1878 seruum
557 1817 634 1880 nulla
643 1825 769 1888 amicitia
776 1849 842 1904 est,

163 1886 256 1948 etiam
272 1888 302 1948 in
314 1909 404 1969 pace,
428 1889 493 1952 belli
507 1913 598 1957 tamen
606 1903 672 1978 jura
682 1923 846 1977 seruantur.

160 1965 293 2032 ,Iurando
307 1969 430 2047 gratiam
444 1967 563 2054 Scythas
577 1979 688 2040 sancire
698 2003 733 2042 ne
749 1987 843 2051 credi·

161 2044 254 2110 deru'sr
275 2045 397 2109 Colendo
407 2046 520 2128 fidem,
540 2054 650 2134 jurant.
681 2057 841 2128 Graecorum

161 2125 224 2188 ina
246 2127 341 2188 raaia
360 2146 425 2198 est,
447 2131 492 2208 qui
512 2152 577 2194 arsa
599 2138 789 2220 consignant,
813 2163 842 2210 et

159 2203 247 2270 Deos
258 2206 400 2270 invocant.
413 2207 480 2270 Nos
493 2210 655 2293 religionem
669 2221 699 2280 in
711 2221 841 2304 ipsafibe

160 2286 303 2350 novimus.
323 2281 383 2366 Qui
391 2308 445 2348 non
455 2309 612 2356 reverentur
622 2294 767 2374 homines,
777 2303 841 2381 fal-

159 2364 225 2428 lunt
242 2363 336 2426 Deos.
361 2365 427 2427 Nec
444 2367 496 2429 tibi
518 2371 607 2436 amiso
627 2395 693 2456 opus
715 2399 778 2454 est,
803 2383 840 2446 de
883 2429 884 2433 =

160 2448 243 2526 eujus
259 2443 450 2525 benevolentia
463 2447 584 2515 dubites.
601 2451 728 2517 Ceterum
743 2481 794 2520 nos
811 2477 840 2526 et

159 2524 243 2588 Asin
258 2543 288 2585 et
295 2521 371 2586 Euro
389 2547 413 2589 ae
425 2524 679 2595 custodes'babebis
691 2562 700 2596 .·
712 2537 838 2615 Bactra,

160 2603 219 2667 nisi
239 2601 355 2666 dividas
400 2607 504 2680 anais,
530 2611 716 2694 contingimus
735 2643 745 2678 .-
765 2617 839 2686 ultra

161 2682 275 2747 Tanain
285 2704 373 2760 usaue
387 2683 425 2746 ab
435 2685 584 2752 Thraciam
598 2693 713 2756 colimus
724 2717 737 2774 ‚j
749 2695 840 2766 Tura·

158 2763 211 2826 sioe
219 2763 427 2829 Macedoniam
439 2769 612 2850 conjunctam
622 2772 839 2852 essefamoest.v
858 2840 860 2845 ,

157 2841 279 2930 vasque
295 2842 414 2930 imperio
435 2863 481 2912 tuo
491 2846 635 2932 finitimos
652 2891 663 2922 ‚
683 2853 776 2923 bosses
797 2883 841 2930 an.
936 2916 937 2927 ,

635 2955 748 3038 sun·
803 3015 806 3020 .
