2350 3967
362 447 459 525 ’234Ι
546 436 591 521 Q.
631 436 874 519 CUR‘NJ

364 562 425 609 tur.
433 538 556 617 Jamque
565 558 626 601 non
636 559 709 619 pons
718 532 961 621 monangientes
971 558 983 614 ς
995 540 1046 603 'red

362 641 401 682 ne
410 618 502 681 amuis
511 617 626 696 quidem
635 618 783 699 capiebat,
797 620 913 701 agmina
926 640 977 680 rua
986 618 1046 681 im-

360 696 482 793 provide
497 696 614 779 subinde
629 696 821 763 cumulantes.
836 696 977 775 Quippe,
993 698 1046 761 ubi

360 777 480 852 intravit
490 775 604 840 animos
632 797 722 846 auor,
738 776 877 839 idrolum
887 795 1045 850 mearunt,

359 856 439 937 quod
461 855 587 936 primum
607 796 942 947 iormidarccoepenrnt.
966 856 1042 918 Alc·

360 930 649 1010 xanderinstantibus
663 936 744 1006 ruia,
768 952 877 1074 cupane
894 934 1043 997 abeuntem

361 1014 468 1077 nostem
478 1034 509 1075 se
527 1014 556 1075 ui
563 1013 735 1095 permitteret
748 1040 757 1075 .·
770 1011 804 1075 he
822 1012 880 1075 etia
889 1012 947 1075 tela
957 1032 1044 1087 erre,

359 1111 391 1159 et
400 1034 647 1175 mintigutar
659 1112 674 1167 ς
690 1109 820 1172 tantoque
832 1112 914 1153 rursu
926 1112 1045 1175 corpora

360 1170 500 1236 aarum
509 1214 523 1243 ,
541 1191 570 1235 er
581 1192 706 1254 proecepr
723 1171 755 1233 t'n
766 1189 874 1233 noctem
886 1170 945 1232 diei
965 1188 1041 1234 rem·

356 1271 413 1334 pus
427 1269 555 1315 causatus
571 1268 626 1317 ecc.
638 1251 682 1313 Re
696 1270 765 1315 vera
779 1250 904 1327 delaevo
917 1270 1011 1313 cornu
1028 1292 1044 1321 ,

360 1331 440 1419 quod
450 1330 542 1395 adhru
556 1330 588 1394 in
600 1328 661 1399 acie
673 1347 745 1395 stare
755 1328 906 1398 credebat,
927 1329 1041 1392 sollici·

360 1426 407 1476 tus
417 1452 429 1481 ,
441 1411 545 1475 reverti
551 1410 586 1473 ad
600 1408 747 1473 ferendam
762 1428 848 1488 opem
862 1406 918 1471 suit
932 1410 1043 1476 statuit·

358 1490 486 1570 Jamque
495 1490 574 1572 signa
587 1504 787 1563 converteram
801 1509 868 1551 curn
879 1488 1009 1567 equitet,
1022 1508 1041 1551 a

358 1566 553 1637 Parmenione
565 1568 660 1639 missi,
675 1567 752 1630 illiue
761 1587 875 1647 quoque
884 1567 1041 1647 partiario·

360 1645 627 1711 toriam'nuntiant.
637 1646 692 1708 Sed
706 1647 819 1710 nullum
832 1666 870 1709 eo
886 1647 932 1708 dic
946 1646 1043 1728 majus

358 1727 521 1804 periculum
533 1726 619 1798 adiit,
635 1747 722 1807 quam
734 1728 802 1790 dum
817 1725 916 1805 copias
928 1726 1042 1790 reducit

357 1806 391 1867 in
406 1823 506 1870 castra.
516 1805 605 1867 Pauci
618 1825 685 1867 eum
695 1822 727 1877 et
737 1804 923 1885 incompositi
938 1826 1040 1886 seque·

359 1887 465 1951 bantur
488 1902 609 1950 ovantes
629 1884 762 1950 victoria.
792 1882 910 1964 Quippe
934 1904 1040 1961 ornnes

359 1964 455 2029 hoster
475 1983 527 2028 aut
546 1964 577 2025 in
600 1964 698 2047 fugam
716 1964 839 2034 effictos,
859 1980 908 2026 aut
924 1963 956 2025 in
972 1966 1039 2028 acic

359 2044 510 2111 credebant
529 2043 675 2109 cecidisse.
693 2042 771 2107 Cum
791 2060 906 2123 repente
928 2064 965 2106 ex
985 2044 1039 2115 ad·

356 2143 444 2187 verro
453 2123 584 2201 apparuit
594 2142 699 2205 agmen
707 2123 860 2203 equitum,
875 2122 924 2202 qui
957 2120 1039 2185 rimo

356 2200 506 2267 inhibuere
534 2222 679 2277 cursum3
706 2202 808 2265 deinde
838 2202 923 2264 Mace
944 2222 1037 2265 onum

356 2280 500 2358 paucitate
508 2298 680 2360 conspecta,
690 2280 834 2345 turmasin
846 2280 949 2344 obvios
959 2302 1039 2345 con·

353 2359 614 2423 citaveruntante
629 2360 711 2443 rigna
723 2383 773 2424 rex
783 2360 842 2426 ibat
855 2360 1038 2424 dissimulato
1062 2386 1065 2391 ·
1105 2392 1106 2408 κ

354 2439 449 2521 magis
464 2439 615 2519 periculo,
635 2461 722 2519 quarn
736 2457 832 2521 spreto
844 2462 854 2501 a
871 2460 926 2503 nec
944 2440 1037 2505 defuit

356 2518 384 2581 ei
398 2537 536 2598 perpetua
552 2520 583 2579 in
594 2519 684 2581 dubiis
697 2522 780 2582 rebus
790 2517 923 2583 felicitas.
935 2516 1035 2582 Nam·

355 2617 412 2675 pue
426 2600 590 2676 praesectum
608 2598 746 2677 equitatus
762 2598 879 2661 avidum
897 2600 1037 2662 certami-

355 2676 419 2745 nis,
431 2693 463 2737 et
471 2681 509 2739 ob
520 2678 549 2738 id
557 2678 651 2770 ipsum
660 2679 799 2741 incautius
807 2676 838 2738 in
846 2697 876 2739 se
888 2696 1035 2751 ruentem,

354 2752 433 2845 hasta
447 2756 599 2821 transfixit.
612 2756 684 2835 Quo
694 2778 731 2820 ex
742 2779 819 2836 equo
834 2756 938 2835 lapso,
961 2779 1035 2839 pro·

282 2848 312 2902 .·‘
353 2850 494 2909 urinum,
510 2835 655 2901 acdeinde
663 2838 757 2918 plures
769 2836 873 2902 eudem
884 2836 947 2907 telo
955 2858 1033 2906 coa·
