2350 3967
353 506 385 545 ιο
451 492 478 545 s.
511 463 697 545 rnrrnsn.
738 493 922 545 surpasse.

351 600 402 653 opes
415 583 488 651 regite
501 581 659 634 niterentur?
672 583 724 649 puis
738 598 861 633 nrmrrrum
872 577 933 631 usus'
939 615 947 637 ,
965 595 1032 647 pua

348 650 450 701 audacia
458 650 522 699 viris
532 648 542 698 i
554 666 644 715 quanta
652 652 716 717 equis
722 651 851 717 pernicitas
860 648 943 700 essee?
959 662 1031 713 quot

350 718 443 768 dierum
452 716 536 769 itinere
544 717 686 769 Macedonia
694 718 796 769 distaret
803 716 871 767 Susis
881 715 893 763 i
903 730 955 781 que
965 715 1030 781 regi

350 800 444 834 morum
460 784 523 841 via,
543 801 635 851 quaeque
649 785 789 836 exercitatio
805 782 928 849 eorporis,
946 796 1030 847 utque

351 852 428 917 opinio
449 850 552 901 virturis
562 852 651 916 soret?
671 850 776 907 Postea,
793 866 849 899 eum
869 846 1031 910 deprecante
1084 878 1087 883 -

349 921 424 967 fratre
436 918 574 969 Memnonis
584 920 714 974 Mentore,
730 917 796 979 cujus
805 930 916 964 sororem
927 914 954 963 in
963 930 1031 964 ma·

350 980 469 1033 trimonio
485 984 622 1035 Artabazus
640 984 761 1044 habebat,
779 999 832 1033 eum
855 978 967 1031 exulibus
998 982 1030 1030 in

349 1048 452 1117 gratiam
463 1048 576 1101 rediisset
586 1051 685 1110 Ochus,
703 1065 792 1115 eosque
802 1068 814 1101 a
823 1047 939 1112 Philippo
949 1063 1035 1110 repe*

348 1130 429 1175 terete
446 1116 587 1168 Alexander
595 1118 693 1184 lagatos
703 1114 829 1168 criminin
839 1117 937 1166 tantilla
946 1126 1028 1167 aetate

349 1181 443 1235 indolis
456 1180 616 1237 admiratione
630 1183 665 1235 its
679 1184 804 1251 perculit,
821 1200 847 1235 ut
856 1199 916 1233 unus
930 1198 1028 1233 eorum

350 1248 377 1301 in
399 1248 447 1302 hee
468 1252 542 1305 uerba
563 1256 758 1319 prorumperet:
777 1252 825 1303 iiic
848 1250 940 1316 quidem
956 1266 1028 1317 puer

349 1320 501 1387 Magnusest
511 1320 581 1383 llam
597 1335 757 1376 nostervero,
775 1318 849 1370 diues.
860 1318 919 1367 llaec
935 1329 1029 1368 autern

346 1392 403 1437 e'um
418 1384 508 1437 metito
530 1384 628 1453 quiden
642 1400 731 1437 nature
745 1400 790 1435 rue
812 1384 901 1434 debere
915 1379 1028 1434 videre·

347 1461 405 1513 tur,
426 1451 490 1503 haud
505 1451 584 1505 minue
593 1442 745 1504 institutioni
760 1450 853 1502 debuit.
869 1450 933 1501 Natn
946 1464 1028 1515 pater

347 1518 406 1572 eatis
416 1534 520 1585 gnarus,
536 1534 650 1585 quantum
659 1514 1026 1584 Epaminondaetommerciunt

347 1583 1028 1653 sibiprofuisset‚quantoquepluraeloquentia,quans

347 1650 374 1705 vi
392 1651 540 1704 confecisset
556 1668 564 1715 ς
581 1669 672 1705 summa
693 1668 751 1703 curt
773 1651 935 1708 incubuerat,
953 1665 985 1701 ut
1010 1668 1027 1703 a

347 1734 432 1773 tenera
456 1718 538 1770 statim
560 1736 630 1789 terete
650 1718 789 1771 liberalium
812 1718 901 1771 artium
927 1715 1027 1771 studiis

347 1788 427 1855 probe
445 1786 603 1841 imbueretur.
624 1787 704 1855 Igitur
720 1786 885 1839 Aristotelem
902 1822 911 1845 ,
931 1786 1024 1852 magni

349 1853 456 1907 nominis
471 1850 665 1921 philosophum,
683 1852 823 1923 ingentibus
838 1850 942 1919 premiis
952 1868 1022 1903 evo·

349 1937 431 1975 cattam
448 1919 574 1989 perpulit,
596 1939 624 1975 ut
638 1921 712 1975 etiam
725 1920 804 1988 prima
817 1920 943 1973 literarum
963 1920 1026 1973 ele·

349 2006 431 2043 menta
447 2005 524 2055 puero
538 1990 656 2042 traderet.
673 1991 728 2041 Nec
741 1986 826 2040 abnuit
840 1987 885 2039 Vir
901 1986 1027 2037 doctissi-

349 2072 427 2119 mus,
444 2074 498 2109 tum
520 2056 690 2125 intelligeret,
709 2072 825 2133 quantum
841 2070 904 2106 esset
920 2070 933 2102 a
948 2054 1024 2119 prin-

349 2122 418 2189 cipio
437 2138 504 2174 recte
518 2122 606 2174 instrui
621 2123 706 2174 multis
720 2137 912 2189 imperaturum
926 2124 1023 2172 ftustta

349 2206 397 2257 que
408 2186 535 2241 'contemni
544 2206 591 2257 pro
600 2189 700 2255 parvis,
715 2188 766 2241 sine
782 2189 869 2256 quibus
885 2190 914 2239 ad
923 2188 1023 2251 majora

350 2260 477 2325 profectus
485 2273 534 2307 non
550 2272 623 2309 esset.
631 2256 714 2309 Variis
729 2257 817 2309 deiude
831 2254 970 2324 magistris,
991 2271 1023 2311 ut

351 2324 413 2375 alius
426 2322 473 2374 alia
484 2339 534 2377 arte
545 2324 700 2385 excellebat,
713 2340 787 2385 usus,
803 2324 935 2377 nonmodo
949 2339 1022 2373 men-

350 2394 402 2444 tem
415 2390 522 2459 egregiis
535 2390 651 2457 implevit
665 2390 821 2472 disciplinis3
842 2408 926 2443 verum
942 2388 1021 2441 etiam

351 2476 441 2523 eorpus
456 2458 536 2511 omnis
550 2458 649 2529 generis
656 2458 888 2523 exsecrationibus,
907 2458 936 2509 ad
948 2456 1021 2509 usum

351 2526 473 2577 bellorum
490 2563 497 2586 ,
520 2542 546 2577 et
565 2525 707 2591 patientiam
725 2527 817 2587 laboris
831 2524 966 2577 edomuit:
987 2541 1020 2577 ne

350 2608 403 2645 tum
425 2591 523 2659 quidem
546 2612 638 2646 vacuus
659 2629 667 2653 ,
697 2612 751 2645 cunr
776 2592 850 2644 otiari
868 2592 1018 2649 videretur3

284 2712 288 2717 .
351 2660 442 2726 quippe
460 2660 527 2723 pila,
546 2664 586 2712 vel
602 2660 733 2713 saltatione
753 2660 839 2720 virili,
853 2676 901 2709 uon
916 2675 966 2709 tans
981 2662 1020 2710 la-

351 2728 425 2777 xabat
447 2726 572 2785 animum,
592 2744 663 2795 quarn
681 2726 750 2778 seriis
768 2726 892 2794 obsequiis
910 2728 1019 2777 membre

352 2795 505 2860 preparabat.
1011 2808 1015 2815 ·

385 2862 455 2911 Can.
471 2864 515 2915 lll.
530 2861 662 2927 Postquam
678 2860 767 2912 deinde
781 2876 836 2912 etas
851 2877 877 2911 et
890 2859 1019 2927 ingenium

352 2926 475 2995 paulisper
489 2928 620 2990 adolevit,
638 2930 734 2997 jamque
749 2929 913 2989 severioribus
928 2927 1020 2980 studiis
