2350 3967
357 483 546 552 LIBER
590 485 634 555 X.
770 487 833 570 'tn

154 585 360 672 affictateranr
375 585 447 648 nilzil
467 587 504 650 ad
525 587 602 670 ipsas
615 588 761 670 pertineas
781 614 829 653 re·

144 670 260 752 gnum,
279 667 448 730 minabatur.
466 667 499 728 In
511 667 606 731 eadem
619 669 833 748 damofamilt'a·

152 769 208 828 que
229 745 341 826 imperii
360 747 433 808 riter
450 747 624 809 remansuras
643 765 704 810 esse
722 751 831 832 gaude-

153 821 831 909 bant;hereditariumimperiumrtirpentregiam

154 905 361 970 vindicaturam
374 926 387 977 ;
417 923 543 966 assuetas
567 926 717 967 senonen
740 909 831 987 iprum

157 984 273 1053 colere,
288 983 483 1063 venerarique,
503 1005 552 1045 aec
563 1005 720 1066 quemquam
734 985 764 1046 it
779 1007 836 1062 ca-⁸

154 1063 244 1147 pere,
262 1060 320 1122 nisi
330 1063 455 1144 genitum
468 1082 498 1124 ut
508 1084 646 1144 regnaret.
657 1065 746 1146 Igitur
760 1066 832 1126 Per-

158 1143 243 1206 dicca
260 1141 391 1213 territus,
411 1141 540 1204 conclave
558 1143 588 1202 t'rt
606 1164 656 1221 pao
672 1142 832 1206 Alexandri

159 1221 260 1303 corpus
277 1221 408 1300 jacebat,
422 1222 573 1283 arrernati
588 1222 681 1300 jubet.
699 1222 834 1284 sexcenti
918 1249 921 1252 ⁴

160 1323 231 1364 cum
247 1302 308 1381 ipso
326 1321 424 1370 erant,
443 1319 570 1379 spectatae
588 1301 698 1363 virtutis
711 1326 720 1363 t
733 1303 833 1363 Prole-

160 1387 250 1442 'maeus
263 1401 375 1460 quoque
391 1403 419 1443 sc
429 1382 594 1460 adjunxerat
603 1381 651 1450 ei,
667 1402 836 1458 puerorum-

160 1458 218 1538 que
234 1461 312 1542 regia
330 1459 444 1522 cohors.
456 1460 590 1521 Ceterum
603 1460 676 1521 haud
687 1458 837 1522 difficulter

162 1557 182 1600 a
194 1553 239 1598 tot
250 1539 373 1600 millibus
383 1557 558 1601 armatorum
568 1539 686 1600 claustra
696 1540 836 1618 perfracta
868 1601 877 1616 ,

162 1623 241 1679 sunt.
254 1619 290 1679 Et
306 1638 355 1678 rex
372 1641 484 1697 quoque
500 1620 636 1697 irruperat
653 1618 767 1697 stipatus
785 1641 834 1679 sa-

163 1697 290 1758 tellitum
301 1701 402 1767 turba,
419 1719 540 1776 quorum
553 1698 682 1776 princeps
696 1716 756 1759 erat
769 1699 837 1758 Me·'
855 1712 856 1715 ’

161 1777 272 1857 leagcr.
287 1779 430 1854 iratusque
444 1777 598 1849 Perdicca,
618 1775 688 1846 ltus,
705 1775 750 1856 qui
768 1775 837 1837 Ate*
856 1821 860 1826 ‚

162 1853 267 1917 atandri
287 1875 381 1935 corpus
400 1855 469 1916 tueri
485 1853 607 1926 vellent,
629 1874 765 1929 sevocat3
788 1847 837 1930 sed

163 1935 214 2012 qui
223 1935 400 2012 irruperant,
416 1935 526 1995 eminus
536 1935 592 1995 tela
603 1936 632 1994 in
644 1936 735 2011 ipsurn
747 1934 836 2012 jacie·
858 1955 860 1959 ·

163 2016 245 2076 bant.
259 2015 412 2092 Multisque
423 2013 593 2095 vulneratis,
614 2014 728 2083 tandem
738 2014 837 2073 senio·

165 2113 211 2154 res
226 2092 326 2153 demtis
341 2094 449 2176 galeis,
471 2113 528 2172 quo
544 2093 654 2152 facilius
670 2093 750 2152 nosci
766 2101 837 2171 pos*

164 2189 249 2242 sent,
272 2171 401 2250 precati,
424 2173 471 2251 qui
494 2193 560 2232 curn
582 2171 714 2249 Perdicca
732 2190 841 2240 etant,

164 2271 302 2328 crepere,
324 2267 354 2310 ut
372 2249 545 2312 abstinerent
564 2249 660 2320 bello,
683 2249 794 2331 regique
813 2244 844 2322 ei

161 2327 294 2413 pluribus
315 2327 452 2392 cederent.
474 2329 583 2390 Primus
604 2324 738 2390 Perdicca
761 2350 842 2388 arma

167 2409 316 2486 deposuit3
334 2410 474 2486 ceterique
486 2408 562 2468 idem
573 2409 677 2468 feceret
692 2409 844 2488 Meleagro

167 2488 268 2549 deinde
290 2489 423 2548 suadente
445 2507 479 2546 ne
507 2507 525 2546 a
551 2506 662 2567 corpore
685 2483 844 2546 Alexandri

168 2563 373 2640 discederent5
396 2567 501 2627 insidiis
525 2567 623 2626 locum
645 2565 729 2643 quaeri
752 2565 805 2624 rati
829 2605 855 2637 5.

167 2645 277 2706 diversa
298 2645 380 2727 regiae
403 2663 481 2723 purte
502 2646 536 2706 ad
560 2636 844 2737 Euphraten'fuganr

169 2725 327 2786 intendunt.
347 2725 513 2802 Equitatus,
535 2726 582 2802 qui
603 2745 639 2784 ex
662 2723 846 2783 nobilissimis

168 2805 306 2887 juvenum
317 2807 482 2873 constabat,
499 2804 653 2866 Perdiccan
663 2822 691 2863 et
706 2801 846 2862 Leonna-

168 2900 233 2972 rurn
245 2885 375 2963 nequens
391 2887 557 2964 sequebatur
567 2907 580 2962 5
591 2883 778 2964 placebatque
795 2899 850 2950 ete,

650 2980 677 3042 Ζ
694 3001 712 3040 z
729 2980 757 3059 ij
