2350 3967
366 443 559 517 Lruru
610 446 685 521 IX.
749 461 901 531 ''4⁸7.

179 544 365 617 llaoedonas
382 573 475 634 regern
498 553 636 617 cecidisse
657 556 735 618 famu
752 559 861 634 perlata

185 651 245 695 est.
259 633 418 695 Terruisset
430 634 526 704 alios,
548 636 625 713 quod
639 636 706 697 illos
720 636 862 702 incitavit.
890 660 892 667 ’

182 712 327 791 Namque
344 712 462 791 periculi
474 714 568 774 omnis
584 716 769 777 immemores
780 716 861 779 dola·

184 793 247 853 bris
255 792 413 872 perfregere
425 806 556 864 murum}
569 807 661 872 etqua
672 795 766 855 moliti
777 810 858 857 erant

180 870 319 939 aditum,
332 870 456 949 irrupere
466 872 496 931 iu
507 872 607 933 urbem
618 896 628 946 ς
643 872 781 951 ludosque
791 874 857 953 plu*

182 970 233 1011 res
249 948 484 1088 ftrffi'enoesquam
494 953 629 1030 congredi
645 972 727 1013 ausos
744 952 858 1021 cecide·

182 1045 266 1090 runt.
309 1048 349 1089 on
360 1030 490 1099 senibus,
508 1023 712 1101 nonfemiuis,
732 1049 790 1091 non
806 1032 855 1104 in·

178 1108 309 1169 fidulus
323 1108 468 1185 parcitura
480 1109 604 1187 quisquis
617 1123 803 1180 occurrerat,
820 1113 856 1173 ab

181 1186 242 1247 illo
272 1188 451 1249 vulneratum
480 1207 578 1279 regem
608 1209 667 1249 csse
694 1190 857 1279 credebant·

182 1259 375 1344 Tandemque
383 1267 578 1328 internecione
585 1262 712 1356 hostiurn
723 1286 799 1345 Justae
808 1268 856 1329 ira

179 1364 363 1425 parentatum
373 1364 423 1407 est.
435 1343 634 1417 Prolemaeunt,
650 1365 694 1425 qur
705 1362 802 1425 postea
812 1366 857 1407 re-

177 1423 306 1505 gnauit,
327 1418 391 1486 luit
403 1444 502 1504 pugnoe
521 1422 670 1500 adfuisse,
691 1441 792 1489 ¹auctor
813 1440 856 1485 est

177 1502 369 1572 Clitarchus,
384 1521 415 1564 et
425 1501 610 1585 Timagenes.
631 1504 685 1565 Sed
697 1505 779 1581 ipse,
796 1506 852 1563 sci-

177 1578 252 1643 licet
266 1582 364 1663 gloriae
381 1604 436 1643 suae
450 1604 510 1642 non
529 1584 704 1665 refragatus,
728 1580 852 1658 abfuisse

178 1680 237 1729 se,
254 1662 370 1721 missurn
380 1660 411 1721 in
424 1660 626 1741 expeditionem
636 1662 781 1723 memoria
793 1681 852 1722 rra·

177 1740 264 1802 didit.
277 1742 371 1801 Tanta
386 1743 623 1817 componentium
636 1760 745 1807 vetusta
755 1762 851 1803 rerum

177 1840 395 1889 monumenta,
416 1820 464 1881 vel
479 1822 635 1891 securitas,
653 1823 700 1883 vel
716 1840 767 1898 par
784 1820 851 1881 huic

176 1899 309 1969 vitium,
327 1899 475 1961 credulitas
488 1898 562 1960 fuit!
576 1900 656 1983 Rege
673 1902 702 1975 itt
718 1903 850 1961 taberna-

174 1976 279 2039 culum
295 1980 406 2049 relato,
426 1977 532 2038 medici
550 1979 661 2058 lignum
680 1976 763 2039 hasta
780 1998 849 2037 cor-

174 2059 242 2136 pori
256 2058 399 2124 infixum,
416 2059 455 2117 ita
470 2077 506 2117 ne
517 2058 655 2135 spiculum
665 2073 847 2124 moveretur,

175 2137 355 2198 abscindunt.
370 2136 510 2213 -Corpore
533 2137 633 2199 deinde
653 2136 760 2199 nudato
782 2134 846 2196 ani-

173 2216 358 2276 madvertunt
372 2214 474 2276 hamos
490 2216 580 2277 inesse
596 2217 655 2277 telo
669 2239 679 2289 ς
696 2236 749 2277 nec
763 2215 847 2277 aliter

174 2294 206 2355 id
224 2296 288 2355 sine
307 2295 431 2371 pernicie
451 2296 579 2373 corporis
593 2295 712 2357 extrahi
732 2315 813 2371 posse
834 2330 844 2361 ‚

173 2395 264 2452 quant
274 2374 434 2435 ursecando
442 2375 697 2454 vulnusaugerent.
708 2374 846 2435 Ceterum

173 2474 212 2514 ue
227 2471 356 2515 secantes
371 2452 544 2532 profluvium
562 2452 703 2533 sanguinis
720 2470 845 2527 occupa·
914 2454 921 2487 ²

121 2564 125 2572 ·
171 2551 242 2603 ret,
269 2536 463 2607 verebantut3
490 2532 594 2611 quippe
624 2534 723 2613 ingens
751 2530 844 2619 telutu

171 2614 306 2674 adactum
317 2630 397 2681 erat,
418 2630 615 2689 etpenetrasse
630 2612 778 2671 inviscera
795 2628 843 2669 vt-

171 2691 301 2753 debatur.
325 2691 511 2763 Critobulus,
534 2691 607 2762 inter
630 2690 755 2751 medicos
776 2685 843 2749 artis

170 2772 309 2841 eximin
331 2770 379 2830 sed
400 2770 429 2830 in
451 2787 532 2831 tanto
553 2770 681 2849 periculo
703 2769 841 2833 territus,

170 2869 274 2916 nanus
291 2850 446 2915 admovere
466 2852 632 2920 metuebat,
653 2869 690 2909 ne
708 2849 738 2909 in
757 2846 844 2929 ipsitu

644 2946 742 3013 Ssir
