2350 3967
347 440 481 521 stlta
499 455 569 522 aa
614 452 661 525 v:
785 462 852 548 {ll

156 566 224 629 get.
237 557 287 618 Ex
296 556 421 634 pecunia
429 556 531 618 deinde
541 557 705 635 Babyloniae
715 544 855 621 Macedoss

165 637 256 699 nibus
271 636 417 716 equitibus
428 636 540 697 sexceni
551 636 658 699 denarii
670 638 765 701 tributi
777 660 787 711 3
802 658 855 715 pe·

168 716 305 798 regrinus
317 735 404 791 eques
413 715 571 795 quingenos
584 718 711 795 accepit:
724 718 853 781 Ducenis

166 796 349 875 pedestrium
359 794 531 870 stipendium
542 812 673 857 mensum
683 813 735 859 est.

209 872 307 935 Cain.
321 874 367 932 ll.
382 872 438 933 His
449 872 489 933 ita
501 874 689 950 compositis,
710 874 739 935 in
752 874 850 956 regio·

169 974 242 1029 nem
254 994 267 1021 ,
291 974 355 1029 qua
376 947 529 1031 Satrapene
548 970 689 1024 vocatur,
709 955 849 1046 pervenit.

171 1030 288 1093 Fertilis
296 1048 393 1098 terra,
407 1033 490 1107 copia
502 1051 616 1100 rerum,
634 1052 664 1095 et
673 1054 754 1095 omnr
765 1054 851 1095 com-

166 1130 272 1173 -meatu
283 1108 441 1171 abundans.
449 1112 546 1187 ltaque
554 1111 654 1173 diutius
663 1110 701 1175 ibi
711 1113 848 1186 substitit3

171 1211 208 1251 ac
219 1211 257 1251 ne
270 1189 380 1250 desides
393 1189 455 1249 otio
466 1188 646 1251 demitterent
658 1192 788 1261 animos,
804 1193 850 1271 ju»

170 1271 248 1332 dices
257 1268 355 1338 dedit,
366 1268 535 1346 praemiaque
546 1272 693 1347 proposuit
701 1272 735 1330 de
745 1272 849 1333 virtute

171 1348 294 1409 militari
304 1348 486 1410 certantibus.
497 1348 630 1418 Novem,
647 1352 695 1427 qui
704 1347 849 1411 fortissimi

171 1427 291 1507 judicati
309 1445 425 1504 essent,
448 1428 488 1487 sin
529 1428 563 1488 lis
580 1430 705 1490 militum
723 1429 850 1491 millibus

168 1500 421 1587 praefirtutierant,
431 1504 484 1567 Cli
498 1505 609 1567 t'arcbar
619 1511 847 1581 vocabantatunr

109 1625 112 1630 ν
169 1588 300 1667 primum
316 1586 346 1646 in
357 1583 432 1647 hunc
444 1601 595 1648 numerum
608 1588 698 1666 copiis
713 1588 848 1649 distribu-

169 1668 207 1729 tis
227 1690 236 1727 ε
257 1686 385 1743 namque
405 1683 488 1725 antea
506 1667 696 1747 quingenariae
713 1663 846 1731 cohortes

167 1764 281 1819 erant3
301 1764 358 1805 nec
374 1744 544 1805 fortitudinis
560 1747 673 1823 praemia
690 1764 846 1828 gesserant.

165 1828 276 1910 lng'ens
291 1824 418 1885 militum
428 1826 507 1885 turba
519 1845 710 1897 convenerat,
726 1828 844 1909 egregio

166 1907 340 1970 interfutura
352 1904 518 1973 certamini,
538 1906 615 1965 testis
632 1906 732 1967 eadem
748 1908 844 1985 cujus·

167 2008 225 2065 que
243 1987 410 2053 factorum,
431 2001 460 2044 et
471 1984 507 2045 de
522 1983 660 2063 judicibus
675 1986 766 2045 latura
778 2006 845 2045 sen-

168 2066 305 2132 tentiam.
319 2062 438 2141 Quippe
453 2084 523 2126 uero
536 2082 595 2133 ne,
612 2084 648 2123 an
663 2063 737 2144 falso
751 2062 846 2125 honos

164 2146 273 2223 cuique
296 2141 447 2203 haberetur
456 2182 469 2212 ,
492 2144 618 2223 ignorari
638 2164 698 2206 non
718 2160 842 2221 poterat.

164 2226 283 2296 Primus
299 2222 433 2283 omniurn
443 2221 553 2284 virtutis
565 2243 647 2283 causa
661 2224 780 2295 donatus
799 2238 843 2285 est

163 2302 327 2373 Adarcbias
339 2302 456 2371 senior,
467 2302 516 2379 qui
526 2304 663 2363 omissum
673 2302 746 2379 apud
755 2302 843 2363 Hali·

162 2402 308 2445 carnason
321 2402 339 2440 a
357 2381 515 2459 junioribus
526 2382 653 2459 praelium
663 2382 734 2442 unus
746 2382 843 2443 maxi-

163 2484 213 2529 me
224 2461 408 2525 accenderat.
420 2459 569 2521 Proximus
585 2460 612 2519 ei
623 2456 779 2540 Antigenes
794 2457 842 2522 vi-

161 2565 208 2614 sus
228 2561 272 2603 est
291 2564 301 2601 ε
321 2540 440 2601 tertium
460 2541 560 2600 locum
579 2538 706 2599 Philotas
724 2536 842 2621 Angeus

161 2620 311 2697 obtinuit:
331 2636 447 2697 quartus
456 2618 588 2696 Amynta
599 2618 678 2679 datus
692 2635 733 2679 est
749 2641 758 2679 τ
775 2632 843 2695 post

162 2700 216 2763 lros
226 2701 416 2783 Antigonus,
433 2715 463 2759 ct
474 2701 509 2759 ab
520 2719 558 2759 eo
568 2696 718 2777 Lyncestes
729 2697 842 2776 Amyn-

161 2799 203 2844 tas
211 2778 451 2857 fuiteseptimum
461 2778 559 2839 locum
567 2778 840 2841 Theodotusa*ul·

155 2862 265 2953 §marm
285 2859 418 2924 obtinuit
433 2855 617 2928 Hellanicus.
643 2856 842 2937 indisciplina

662 2954 694 3019 X
712 2956 743 3039 iij
799 2955 802 2964 '
