2350 3967
372 409 566 518 mm
608 440 683 527 ΠΙ.
805 465 861 531 atq

169 554 272 603 antea
283 538 361 609 fuit,
373 543 576 619 perseveravit.
590 543 621 603 N
622 560 661 603 on
672 558 732 605 vox
741 540 801 604 ulla
812 564 865 605 ex·

176 621 256 684 cidit
271 621 299 682 ei
312 645 322 680 r
335 638 396 699 non
407 620 465 680 oris
474 622 578 694 color,
594 623 725 694 vultusve
740 639 867 685 mutatus

182 717 251 763 ectr
265 699 317 762 sed
331 699 403 762 sedit
411 700 570 763 immobilis
587 700 719 777 (credo,
734 719 863 779 precone

185 778 295 862 gaudio
315 779 409 842 verita
422 778 570 857 fortunam
586 780 723 854 irritare)
739 780 812 841 adeo
830 796 863 843 ut

226 859 255 920 'd
274 860 402 929 mallet,
420 858 594 922 iumentibur
606 858 694 921 ‘fuerit
710 858 861 925 incertum.

171 880 269 1000 'mer
288 939 350 999 hac
370 942 539 1018 Amyntas,
566 940 711 1019 praefectus
734 940 862 1017 equitum

187 1018 373 1089 Alexandri,
391 1038 459 1079 cum
474 1017 570 1097 paucis
583 1018 683 1081 turmis
699 1037 786 1097 opem
800 1018 861 1079 im·

173 1096 358 1177 'pedimentis
386 1098 491 1159 latums
518 1097 692 1171 adveneram
712 1098 861 1162 ‘incertum

185 1198 277 1239 suone
288 1176 435 1248 consilio,
457 1198 534 1239 anre
554 1178 721 1257 irimperio.
732 1176 787 1237 Sed
799 1196 859 1239 nou

182 1256 319 1318 sustinuit
330 1255 520 1318 Cadusiorum
534 1198 756 1338 §cytharumque
769 1256 861 1334 impe·

181 1352 248 1397 tum
259 1359 270 1397 r
281 1336 386 1415 quippe
398 1334 447 1397 vix
462 1353 571 1398 tentato
585 1336 743 1399 certamine
757 1334 862 1417 refugit

175 1416 222 1475 'ad
245 1435 371 1495 regern,
392 1414 563 1477 amissorum
587 1415 859 1493 impedimentorum

181 1493 261 1556 testis
269 1492 383 1575 magis,
400 1513 488 1570 quam
500 1493 613 1557 vindex.
623 1496 690 1562 Jam
706 1490 859 1555 consilium
957 1558 959 1564 ,

166 1573 343 1637 '‘'Alexandri
357 1572 464 1634 vicerat
479 1572 564 1635 dolor
575 1598 584 1635 r
594 1590 625 1635 et
638 1594 674 1633 ne
689 1590 756 1634 cura
774 1594 857 1635 recu·

179 1653 301 1732 perandi
321 1673 371 1714 sua
390 1651 514 1713 militem
536 1676 553 1715 a
573 1655 671 1733 praelio
693 1669 855 1727 averterem

177 1753 241 1794 non
261 1731 413 1793 immerito
429 1732 588 1796 verebatur.
608 1734 707 1811 Itaque
725 1732 855 1804 Ateten,

175 1813 284 1875 ducem
313 1811 519 1884 hastatorum,
547 1834 620 1891 quos
648 1808 856 1894 surirsophoror

174 1896 347 1981 vocamur,
366 1891 498 1963 adversus
517 1891 635 1971 Scythas
656 1890 753 1950 mittit.
777 1893 855 1953 luter

174 1970 238 2034 hac
252 1991 374 2041 currus,
398 1971 446 2049 qui
460 1972 539 2033 circa·
553 1972 644 2049 prima
662 1968 740 2051 signa
756 1972 854 2031 turba·
951 2040 953 2045 ¹

172 2068 280 2113 verant
289 2051 406 2119 aciem,
425 2050 456 2109 in
464 2051 637 2133 phalangem
647 2047 753 2109 invecti
762 2066 855 2114 erant.

174 2131 358 2193 Macedones
374 2126 663 2196 confirmatis.animi's
679 2129 708 2189 in
725 2128 853 2190 medium

171 2230 283 2293 agmen
301 2209 459 2287 accipiunt.
477 2210 566 2273 Vallo
577 2209 676 2271 similis
687 2208 762 2271 acies
771 2228 854 2273 erate

171 2286 458 2371 junxeranthastas;
479 2306 509 2349 et
518 2295 553 2351 ab
562 2308 683 2367 utroque
700 2290 787 2350 latere
804 2310 850 2351 te-

172 2390 255 2432 mere
271 2368 482 2431 incurrentium
502 2370 552 2431 ilia
569 2364 766 2431 suffodieianr.
784 2368 851 2429 Cir·

171 2450 284 2511 tumire
307 2447 413 2509 deinde
436 2469 557 2518 currus,
576 2468 605 2511 et
625 2464 852 2529 propugnatore·

170 2529 350 2610 precipitare
367 2546 525 2604 coeperunt.
542 2529 650 2611 ingens·
660 2528 740 2601 mina
757 2544 849 2602 equo-

167 2627 233 2673 rum
243 2608 472 2688 aurigarumque
483 2606 575 2669 aciem
586 2608 792 2687 compleverat.
808 2600 850 2665 Hi

168 2690 283 2750 territos
300 2706 406 2768 regere
423 2706 484 2745 non
496 2704 626 2765 poterant
643 2710 652 2749 r
671 2684 737 2765 equi
751 2684 849 2745 crebra

166 2767 327 2849 jactatione
345 2766 497 2827 cervicum
506 2788 566 2827 non
578 2767 678 2849 jugum
696 2762 783 2843 modo
794 2782 847 2823 ex·

165 2863 340 2925 custerant3
365 2844 417 2911 sed
444 2843 533 2909 etiam
559 2868 655 2913 currus
679 2860 848 2909 everterant.
