2350 3967
311 462 369 515 270
490 438 532 519 Q.
572 437 600 499 C
620 438 653 499 U
672 437 699 499 R
718 437 747 499 T
765 438 815 498 11

308 540 433 631 occipere
454 557 568 617 regnum
589 535 714 599 nationis
734 535 817 599 unius
836 552 851 608 3
873 550 907 595 ut
925 536 985 615 jota

308 618 388 681 malet
400 615 457 677 ille
473 616 574 707 glorie
593 636 674 693 sore,
694 636 775 695 ouem
794 612 845 675 iroe
857 612 985 694 obsequi.

308 697 374 761 Nec
384 695 440 761 Dii
453 696 594 767 siverim,
611 714 641 756 ut
653 690 702 755 boc
715 693 800 755 beros
810 693 865 755 mei
879 693 984 774 capitis

308 793 357 837 eut
377 774 484 839 temere
498 772 573 841 milti
593 772 736 855 quisquam
749 769 806 834 orit
827 770 985 837 condonare

302 854 399 949 possit.
415 880 425 917 .-
442 874 494 917 rtet
510 852 561 917 boc
576 852 720 935 imperium
732 851 814 916 rivos
831 853 985 924 amimam,

306 933 434 1015 eriemque
451 932 505 997 erit
522 932 606 1013 regni
624 930 702 1002 mei,
726 931 772 1013 poi
788 949 817 993 et
833 930 986 1013 spiritis,

299 1010 387 1097 finis.
399 1010 489 1077 Sibis
500 1012 610 1075 animus
623 1052 633 1082 ‚
648 1011 676 1073 si
689 1009 829 1083 barlex,
844 1010 917 1071 nulli
928 1030 986 1071 nort

268 1092 270 1100 ’
306 1111 388 1174 porta
401 1090 518 1155 libertos
534 1108 577 1157 est
592 1117 603 1153 .-
617 1109 696 1154 rtemo
709 1112 724 1152 e
739 1090 818 1155 robis
827 1089 985 1167 fastidium

308 1171 521 1247 Moreborrom3
540 1192 617 1233 nemo
634 1170 739 1233 vultum
747 1170 892 1253 superbum
902 1167 986 1245 serre

310 1271 435 1333 cogetur.
450 1249 508 1313 Soa
519 1251 615 1331 eoique
626 1249 786 1315 deterreant
796 1248 931 1310 ultionem
944 1264 990 1308 rot
1085 1241 1086 1260 ¹

310 1330 441 1393 malorum
456 1331 569 1411 pariet,·
590 1349 638 1391 out
639 1328 740 1419 finem.
754 1326 891 1409 Equidem
902 1348 986 1408 quom

308 1410 456 1473 versabilis
475 1408 595 1487 fortune
619 1428 681 1480 stt,
705 1407 894 1471 documentum
923 1405 989 1489 ipse

310 1510 395 1565 sum;
414 1510 465 1551 trec
485 1489 620 1550 immerito
631 1490 755 1555 mitiores
771 1488 848 1553 eires
860 1487 921 1565 ejus
933 1508 988 1547 ese·

306 1588 400 1651 pecto.
416 1566 473 1629 Sed
489 1568 516 1629 si
531 1569 608 1648 jutta
624 1589 658 1629 ae
674 1567 723 1647 pia
739 1564 811 1627 bello
826 1565 882 1628 Dii
897 1587 985 1627 aver·

272 1716 275 1727 ¹
309 1664 408 1709 santur
420 1668 432 1719 ,·
440 1646 566 1723 fortibus
575 1664 668 1708 ramere
678 1646 753 1709 viris
762 1645 858 1707 licebit
867 1643 987 1705 honeste

309 1725 389 1787 mori,
414 1724 471 1786 Pet
494 1746 545 1816 ego
566 1746 616 1787 vos
641 1725 742 1787 deeora
761 1727 914 1805 majorum,
938 1724 987 1804 qui

311 1804 396 1866 sotios
408 1802 536 1867 Orientis
546 1824 575 1866 re
595 1826 633 1866 rte
646 1826 707 1865 sum
717 1803 887 1868 memorabili
902 1802 986 1864 leode

308 1902 479 1959 terttterssot;
495 1904 546 1965 pet
562 1824 626 1946 ilios
644 1882 739 1955 viros,
760 1882 857 1963 quibos
873 1883 993 1964 stipem„

311 1962 387 2023 dium
406 1962 577 2025 Macedonia
599 1962 733 2045 quondam
754 1962 850 2035 tttlit;
874 1983 925 2044 per
944 1978 986 2025 tot

310 2042 422 2105 trevium
442 2042 551 2105 classes
568 2044 598 2103 in
618 2041 763 2105 Greeciam
776 2044 918 2115 missos,-
936 2062 992 2120 per.

310 2139 352 2181 tot
364 2137 464 2203 tropeo
475 2140 569 2202 regum
580 2142 626 2185 oro
639 2139 666 2183 et
679 2120 819 2193 obtestor,
837 2139 868 2183 us
878 2120 986 2183 nobili·
1002 2119 1005 2125 ’
1085 2183 1086 2200 ¹

310 2216 369 2259 rote
384 2219 477 2261 vestre
483 2201 632 2281 gentisque
645 2199 746 2281 dignos
756 2200 873 2281 spiritus
889 2201 1001 2284 capia-t
1085 2233 1086 2278 f

309 2276 349 2339 tis
366 2304 376 2339 s
392 2297 422 2339 ot
443 2278 717 2351 eodemeottstorstie
737 2279 911 2350 animorum,
932 2301 986 2361 qua
1085 2299 1086 2302 ’

307 2358 453 2439 preterire
464 2358 624 2430 tolerastis,
636 2359 836 2441 experiemini,
851 2359 986 2440 quidquid

309 2436 410 2499 deinde
421 2437 488 2515 fors
505 2438 612 2503 tulerit.
626 2438 679 2499 Me
688 2457 762 2501 certe
779 2438 811 2500 ist
824 2457 986 2521 perpetuom

310 2537 359 2578 ottt
370 2518 490 2580 victoria
500 2518 614 2599 egregia
625 2516 803 2588 nobilitabit,
821 2537 870 2579 atet
876 2540 988 2600 pugna.

352 2598 428 2661 Cre.
442 2598 498 2662 IX.
509 2600 580 2661 Haec
592 2600 703 2660 dicente
712 2598 825 2670 Dasio,
842 2600 987 2677 proesentis
1083 2670 1086 2676 ¹

309 2678 429 2753 periculi
445 2679 550 2757 species
567 2678 698 2739 omnium
712 2678 797 2739 simul
811 2679 899 2741 corda
919 2680 985 2743 asi-
1048 2697 1051 2701 ·

311 2775 430 2844 mosque
457 2758 575 2819 horrore
604 2757 826 2836 perstrinxerat,
852 2777 910 2819 nec
936 2774 987 2818 aut

310 2836 464 2897 consilium
481 2840 665 2918 suppetebat,
683 2856 734 2903 aut
746 2858 832 2915 sext
848 2838 995 2903 cumen,
