2350 3967
332 464 392 538 302⁸
512 453 554 536 Q.
594 453 840 521 CUR'rll

323 555 458 638 recepit,
476 558 604 637 protinus
613 557 701 620 altior
714 555 860 620 insecunts
870 572 915 618 est
925 575 1014 621 som·

332 660 395 704 nus.
408 639 453 701 Ex
468 658 526 731 quo
541 637 681 700 excitatus
693 656 745 718 per
759 635 883 727 quietern
897 637 1015 700 vidisse

329 713 1015 876 ti„f’stetttzssz‘zfifflztissiffiiffi

331 895 395 938 esse
417 893 609 940 monstrasset.
638 873 768 938 Colorem
787 894 894 953 quoque
917 873 1014 940 ierboe

330 956 486 1026 referebat,
497 953 654 1035 agniturum
663 953 690 1015 si
700 953 763 1033 quis
772 953 925 1035 reperisset
933 953 1014 1018 affir-

330 1055 424 1098 mans.
434 1037 640 1112 inventamque
649 1031 772 1104 deinde,
786 1033 893 1112 quippe
902 1056 921 1097 a
931 1037 1013 1096 mul·

330 1114 367 1176 tis
379 1133 438 1176 erat
449 1115 581 1192 requisita
592 1153 603 1184 ‚
614 1113 726 1177 vulneri
736 1114 898 1191 imposuit:
912 1115 1009 1192 proti·
1058 1117 1065 1134 '

331 1213 440 1272 reusque
451 1194 552 1255 dolore
567 1193 672 1264 finito,
693 1193 766 1254 intra
776 1195 864 1254 breve
881 1195 1010 1271 spatium

332 1271 452 1334 cicatrix
472 1291 584 1352 quoque
604 1273 726 1334 obducta
742 1289 794 1334 est.
815 1272 959 1334 Barbaros
975 1289 1009 1339 ut

286 1359 288 1364 '
332 1351 427 1430 prima
449 1372 510 1431 sper
526 1352 685 1421 fefellerat,
706 1352 829 1430 seipsos
848 1355 1010 1430 urbemque

333 1431 509 1495 dediderunt.
536 1430 616 1492 Hinc
642 1430 673 1492 in
698 1432 863 1509 proximam
909 1451 1010 1496 entem

333 1507 494 1572 Pathaliam
504 1528 672 1588 perventum
682 1527 734 1572 est.
743 1511 808 1572 Rex
817 1527 880 1571 etat
924 1511 1010 1582 entis,

333 1590 382 1668 qui
394 1593 461 1652 urbe
473 1592 578 1651 deserte
593 1589 624 1650 in
638 1608 751 1652 montes
758 1589 939 1670 profugerat.
954 1594 1012 1652 lta·

332 1689 389 1746 que
408 1667 572 1730 Alexander
588 1669 695 1748 oppido
716 1671 844 1750 potitur,
867 1689 1011 1750 agrosque

332 1749 498 1825 populatur.
515 1747 630 1828 Magnae
650 1748 715 1810 inde
735 1747 832 1828 praedae
852 1767 927 1812 actae
946 1769 1013 1812 sunt

333 1845 473 1904 pecorum
485 1847 756 1906 armentorumque,
779 1847 887 1907 magna
901 1831 949 1891 vis
964 1849 1013 1890 re-

334 1923 415 1984 perta
426 1905 572 1968 frumenti.
584 1906 714 1968 Ducibus
722 1907 822 1968 deinde
832 1908 933 1968 sumtis
946 1929 1014 1969 am·

334 1985 379 2046 nis
387 1985 499 2064 peritis,
510 1983 629 2046 defluxit
636 1985 673 2046 ad
680 1987 802 2048 insulam
809 1986 910 2048 medio
917 1989 1016 2050 ferme

333 2064 420 2128 alveo
432 2081 559 2128 enatam.

374 2142 452 2205 Cen.
464 2143 520 2204 IX.
532 2143 575 2204 Ibi
587 2141 691 2205 diutius
707 2142 854 2205 subsistere
871 2160 1012 2216 coactns,
1094 2170 1095 2173 ¹

333 2219 400 2298 quia
410 2219 495 2282 duces
503 2221 650 2283 socordius
660 2223 792 2286 asservati
801 2223 1014 2304 profugerant,
1094 2218 1095 2227 ’

334 2299 414 2361 misit
422 2300 470 2376 qui
481 2301 682 2378 conquirerent
690 2303 764 2364 alios
774 2325 785 2376 ς
797 2323 859 2364 nee
868 2305 1012 2380 repertis,

334 2379 469 2459 pervicax
479 2381 582 2459 cupido
594 2381 706 2442 incessit
714 2382 823 2442 visendi
833 2380 1011 2452 Oceanum,

334 2459 509 2536 adeundique
526 2459 664 2520 terminos
678 2460 777 2522 mundi
790 2501 800 2530 ,
812 2461 875 2520 sine
884 2462 1012 2543 regionis

333 2537 452 2616 peritis,
472 2536 583 2601 flumini
602 2539 706 2618 ignoto
725 2557 810 2617 oepnt
830 2561 934 2610 strum,
951 2558 1012 2600 tot·

334 2636 391 2694 que
410 2617 630 2678 fortissimorum
650 2620 779 2681 virorum
799 2620 923 2680 salutem
942 2640 1010 2698 pet·

334 2696 459 2758 mittere.
470 2695 653 2777 Navigabam
664 2717 734 2776 ergo
744 2697 879 2758 omnium
887 2719 1008 2776 perque

334 2773 495 2836 ferebantur
515 2775 618 2858 ignati.
639 2774 791 2853 Quantum
813 2776 881 2836 inde
903 2781 1010 2838 abesset

335 2870 439 2929 natu
455 2875 516 2935 que
529 2871 630 2940 gentes
645 2857 801 2933 colerem
816 2877 904 2938 quam
918 2855 1010 2938 placit
