2350 3967
361 488 567 551 munit
609 491 685 555 Vis
808 516 862 573 ²93

179 585 222 651 ni·-
239 608 302 669 pto
318 589 518 652 dominatione
535 594 709 673 pugnabant.
732 589 867 655 Lacedae·
924 614 930 626 ·

180 671 296 743 rjnoniis
318 669 405 739 dux,
432 671 637 731 Macedonibus
656 674 738 731 locus
759 674 870 736 deerat.

180 749 255 809 Diei
283 768 402 826 quoque
431 748 514 810 unius
533 768 594 811 tam
617 751 766 828 multiplex
787 774 868 815 casus

181 829 280 889 modo
292 846 394 904 spem,
409 828 499 889 modo
508 848 619 891 metum
627 830 769 907 utriusque
780 836 866 909 partis

181 910 313 988 augebat
330 930 347 967 s·
359 908 439 969 velut
453 908 488 968 de
504 908 638 969 industria
653 910 727 969 inter
742 910 870 971 fortissi-·

181 1002 252 1047 mos
268 986 351 1049 viros
366 992 510 1052 certarnen
524 1006 651 1065 aequante
665 988 791 1052 fortuna.
803 989 863 1052 ee,

183 1078 284 1127 rerum
295 1067 430 1157 angustia
439 1066 517 1133 loci,
529 1068 558 1127 in
566 1090 623 1145 quo
631 1067 747 1130 haeserat
756 1090 867 1149 pugna,

184 1156 247 1205 non
280 1146 462 1221 patiebantur
488 1148 554 1207 totis
580 1148 716 1229 congredi
746 1150 862 1219 viribus,

183 1224 364 1302 Spectabunt
390 1237 459 1306 ergo
481 1226 602 1303 plures,
632 1248 720 1303 quant
741 1228 864 1303 inierant

183 1304 347 1381 praeliunt,
364 1306 457 1381 etqui
474 1324 552 1366 extra
570 1306 620 1366 teli
637 1310 744 1383 jactum
759 1325 862 1379 erant,

186 1385 319 1443 elamore
334 1382 460 1444 invicem
479 1406 544 1445 suos
561 1385 762 1448 accendebant.
780 1386 862 1447 Tan·

184 1462 252 1521 dem
273 1460 426 1522 Laconum
445 1464 520 1523 acies
537 1464 737 1545 languescere,
753 1465 862 1531 lubrica

182 1561 266 1601 arma
278 1541 383 1602 sudore
396 1542 445 1603 vix
461 1544 618 1617 sustinens;
641 1544 743 1623 pedem
761 1544 862 1608 deinde

181 1622 291 1681 referre
314 1621 401 1699 coepit
421 1640 538 1703 urgente
556 1623 661 1693 hoste,
685 1645 720 1685 ao
737 1626 860 1701 apertius

180 1701 296 1781 fugere.
318 1702 518 1777 insequebatur
537 1703 682 1781 dissipatos
701 1704 813 1774 victor,
830 1723 860 1766 et

175 1798 320 1840 ,emensus
333 1798 414 1841 cursu
431 1802 517 1842 omne
534 1785 676 1861 spatium,
694 1783 769 1861 quod
784 1785 860 1846 acies

178 1857 340 1919 Laeonum
358 1860 537 1931 obtinuerat,
553 1864 646 1941 ipsum
656 1863 745 1943 Agim
762 1882 858 1941 perse·-

179 1941 335 2015 quebaeur.
351 1938 422 2008 Ille,
439 1958 471 2001 ut
483 1940 580 2023 fugam
592 1962 733 2011 suorum,
749 1961 778 2001 et
789 1962 859 2020 pro·-

178 2019 279 2078 nimos
289 2016 416 2079 hostium
427 2020 595 2097 conspexit,
607 2017 704 2099 deponi
716 2040 747 2079 se
759 2022 858 2097 iussit:

179 2114 396 2174 expertusque,
414 2102 543 2159 membra
559 2120 596 2160 an
612 2100 751 2176 impetum
768 2100 864 2163 animi

179 2177 262 2254 sequi
276 2192 409 2253 possent,
422 2194 572 2255 postquam
583 2178 703 2239 deficere
712 2198 743 2239 se
752 2181 837 2243 sensit
841 2221 862 2263 t

176 2256 340 2334 poplitibus
352 2272 441 2317 semet
452 2258 582 2336 excepit3
597 2260 735 2341 galeaque
743 2279 857 2325 strenue

176 2354 296 2405 sumta,
317 2336 421 2412 clypeo
439 2354 588 2418 protegens
606 2359 728 2415 eorpus,
743 2338 858 2404 hastam

177 2415 279 2475 dextra
305 2415 454 2485 vibrabat,
477 2417 553 2476 ultro
578 2438 685 2479 vocans
712 2417 856 2491 hostem,

175 2492 281 2571 siquis
296 2492 407 2571 jacenti
425 2492 517 2573 spolia·
531 2494 637 2555 denunt
655 2492 776 2557 auderet.
788 2497 855 2559 Nec

175 2576 328 2651 quisquam
339 2572 395 2633 fuit
405 2612 415 2642 ,
427 2573 474 2650 qui
484 2575 632 2635 sustineret
640 2575 771 2635 cominus
780 2596 854 2636 con·

174 2652 265 2745 gredi.
290 2652 399 2713 Procul
418 2653 797 2732 missilibus'appetebamr,
819 2676 854 2719 ea

175 2752 233 2809 ipsa
253 2733 284 2791 in
303 2730 420 2791 hostem
438 2751 602 2808 retorquens
616 2756 631 2793 s·
643 2732 736 2794 donee
752 2734 853 2797 lancea

174 2812 250 2871 nudo
268 2810 385 2891 pectori
405 2810 494 2871 infixa
512 2828 554 2871 est
572 2836 581 2873 s
605 2834 661 2889 qua
678 2815 857 2877 est-vulnere

174 2890 858 2973 euulsuinclinatumacdefieienscaputclppeo
923 2933 925 2936 -

158 2996 161 3005 r
662 2993 777 3073 Bbfii
827 3013 832 3017 .
