2350 3967
293 443 539 542 'traua
575 478 701 547 v111.
793 488 859 561 aa

103 558 116 580 ἲ
170 588 212 645 'et
234 577 372 661 urgebitis
385 576 522 653 frontem.
543 577 644 641 Hoste
664 598 767 643 nostra
786 603 863 663 prce·
945 599 948 605 '

177 660 277 741 longe
295 677 323 718 et
337 656 439 720 validae
453 658 593 720 nonullos
610 660 702 741 magis
715 681 795 740 quom
808 660 864 723 atl-

160 759 284 813 ·uersus
298 736 404 797 belluas
420 756 595 817 rectoresque
612 760 702 799 earum
719 740 781 801 usui
798 761 862 803 esse

175 834 316 900 poterunt
326 836 339 889 ,·
357 815 498 877 deturbate
515 838 582 887 eos,
601 817 646 896 qui
660 817 793 881 vehuntur
802 862 814 891 ,
833 836 861 882 et

177 899 265 979 ipsos
275 893 446 972 confundite.
458 894 569 977 Anceps
578 916 670 976 genus
681 898 782 958 auxilii
795 916 860 970 ert,

179 976 256 1041 erin
273 996 339 1035 suos
348 974 444 1036 acrius
448 973 533 1053 furit.
550 972 584 1035 ln
600 974 705 1037 lostem
717 977 791 1037 enirn
801 978 859 1039 im·

174 1055 265 1137 perio
277 1075 290 1127 ,·
302 1054 332 1114 in
342 1074 408 1117 suos
419 1074 519 1135 pavore
530 1054 635 1135 agitur.
647 1056 717 1119 Hac
729 1059 860 1120 elocutus

179 1134 315 1201 eoncitat
330 1155 436 1211 equum
452 1136 570 1213 primus.
582 1136 727 1213 Jamque,
747 1154 779 1199 ut
795 1138 863 1199 des-

180 1215 310 1276 tinatum
326 1231 406 1281 erat,
427 1214 569 1275 invaserat
583 1216 695 1275 ordines
711 1214 863 1293 hostiump

178 1316 256 1357 cum
268 1293 375 1354 Caenus
386 1292 495 1373 ingenti
505 1294 535 1355 vi
551 1294 581 1353 in
596 1295 700 1355 laevum
710 1316 800 1355 cornu
812 1297 861 1355 inv

179 1372 310 1444 vehitur?
323 1371 452 1432 Phalanx
462 1394 576 1451 quoque
594 1372 623 1431 in
637 1374 759 1433 mediam
771 1375 860 1435 Indo„

179 1460 253 1515 fiam
263 1453 356 1513 aciem
365 1472 424 1513 uno
433 1453 541 1529 impetu
552 1453 689 1529 prorupit.
702 1453 741 1513 At
751 1454 838 1515 Porus
849 1494 862 1525 ,

179 1554 244 1610 qua
265 1534 391 1610 equitem
408 1532 505 1594 invehi
522 1550 666 1601 senserat,
689 1530 793 1593 belluas
811 1532 861 1613 agi

182 1612 288 1691 jussit:
303 1612 350 1671 sed
365 1611 475 1671 tardum
492 1628 523 1670 et
539 1631 613 1688 pene
630 1612 781 1673 immobile
799 1614 862 1673 ani·

182 1693 248 1753 mal
259 1710 398 1768 equorum
416 1691 599 1753 velocitatem
610 1712 718 1768 aequare
733 1712 792 1754 non
808 1714 862 1769 po·

178 1788 270 1832 terat.
294 1770 342 1830 Ne
362 1770 528 1851 sagittarum
557 1770 671 1847 quidem
699 1772 773 1839 ullus
798 1786 860 1834 etat

180 1850 311 1921 barbaris
325 1872 401 1911 usus.
412 1848 529 1926 Quippe
541 1850 633 1931 longae
644 1866 673 1909 et
682 1870 858 1931 pregraves‚

178 1930 240 1994 uisi
257 1928 332 2008 prius
348 1930 379 1988 in
395 1947 468 1989 terra
479 1946 632 1989 statuerent
647 1950 765 1999 arcum,
784 1930 860 1994 haud

176 2008 253 2070 eatis
275 2027 340 2085 apte
368 2026 399 2068 et
419 2008 574 2069 commode
592 2006 755 2084 imponunt.
767 1994 860 2075 'Tum

179 2088 277 2149 humo
293 2087 425 2155 lubrica,
446 2105 476 2147 et
492 2089 529 2149 ob
539 2087 568 2147 id
583 2086 756 2165 impediente
771 2108 862 2154 cona·

179 2186 271 2238 tum,
292 2167 444 2227 molientes
458 2167 549 2236 ictus,
569 2167 713 2231 celeritate
732 2167 860 2235 hostium

176 2248 407 2324 occupabantur.
428 2246 509 2327 firgo
529 2264 623 2327 spreto
644 2246 717 2327 regis
736 2248 858 2327 imperio

178 2326 290 2405 (quod
308 2325 368 2387 fere
385 2326 440 2395 fit,
465 2327 512 2387 ubi
526 2326 641 2386 turbatis
659 2327 749 2386 actius
765 2345 859 2391 metue

177 2427 273 2487 quarn
289 2406 346 2481 dux
359 2405 500 2483 imperare
511 2405 621 2481 caepit)
640 2404 760 2466 totidem
778 2424 863 2473 erant

181 2486 394 2564 imperatores,
411 2482 482 2563 quot
494 2486 607 2565 agmina
619 2485 759 2546 errabant.
775 2485 860 2551 Aliue

179 2566 304 2646 jungere
315 2562 429 2640 oriem
445 2565 517 2625 alius
532 2561 681 2634 dividere;
699 2580 777 2636 stare
791 2564 858 2644 quia

182 2646 273 2717 dam3
286 2660 316 2704 et
326 2644 458 2705 nonnulli
468 2640 633 2706 circumuehi
644 2649 725 2721 terg'o
738 2640 858 2716 laertium
956 2688 960 2694 -

195 2726 332 2785 ubebant.
351 2722 435 2783 Nihil
452 2723 483 2796 in
498 2724 626 2783 medium
646 2724 859 2797 consulebatur,

176 2745 278 2865 l'orus
288 2821 384 2862 tamen
396 2824 464 2864 curn
472 2803 588 2881 paucis,
603 2802 702 2879 quibua
712 2820 789 2864 metu
803 2824 858 2883 po·

177 2883 243 2962 3th
252 2883 346 2961 lutat
354 2882 466 2978 pudet,
478 2882 615 2977 §elligere
628 2881 785 2956 dispersos,
800 2885 857 2961 obv,

651 2978 758 3077 uati
