2350 3967
344 462 377 527 ιτ
412 442 912 541 ›anCunrnVrrA'
969 482 973 494 ·

345 567 472 623 nunidem
495 567 605 621 Neronis
629 567 791 633 Vespasianus
818 566 931 620 feliciter
956 563 1029 635 rexit
1093 575 1094 578 ’

343 634 485 703 imperium.
509 635 644 704 Laudatior
664 650 722 687 sane
744 634 859 695 Traianus
873 652 881 687 t
893 636 945 687 sed
969 653 1027 689 non
1093 643 1095 670 ³

342 721 377 755 co
392 702 525 757 illaudatus
543 701 717 769 Vespasianus.
737 704 791 752 Nee
809 701 837 752 in
852 702 966 769 tyrannis
984 721 1026 755 re-
1091 711 1094 722 ¹

343 768 449 838 ponitur
464 789 477 823 a
492 774 599 825 Victore
616 769 778 836 Vespasianus
794 786 801 819 t
820 768 863 835 qui
879 776 889 830 (
898 786 927 823 ut
944 776 1027 823 Tran-

344 837 439 905 quillus
459 838 511 903 ait)
528 841 558 893 ab
575 840 647 891 initio
665 839 817 907 principatus
830 855 901 905 usque
916 840 950 891 ad
967 842 1025 893 etti·
1093 863 1094 876 π

340 916 416 965 trun,
432 909 536 967 civilis,
557 923 580 959 et
597 909 698 959 clemens
717 906 782 969 suit.
800 906 879 964 luo,
899 921 928 957 ut
950 906 1024 959 idern

343 972 450 1033 scribit,
468 979 520 1027 sola
536 990 595 1033 est,
618 975 644 1023 in
660 988 707 1039 qua
722 972 809 1025 merito
825 974 958 1040 culpetur,
977 992 1024 1043 pe·
1092 985 1095 1012 Ξ

341 1043 424 1095 sunia
437 1042 564 1109 cupiditas.
581 1038 649 1101 Quin
664 1055 744 1097 utro,
768 1052 795 1089 ut
814 1042 901 1103 postea
916 1041 1024 1101 snbjun-
1088 1074 1094 1082 -=

345 1106 404 1175 gir,
422 1123 478 1167 tunt
493 1109 533 1176 qui
551 1110 677 1175 opinentur
691 1105 722 1157 ad
738 1106 864 1158 manubias
876 1124 902 1159 et
917 1110 1022 1176 rapinas
1089 1123 1095 1152 ·.

345 1178 485 1229 necessitate
509 1178 681 1243 compulsum,
704 1172 798 1225 summa
817 1176 902 1225 aerarii
915 1177 1023 1241 fiscique
1090 1193 1095 1221 l

344 1244 427 1310 inopia
442 1254 449 1293 t
467 1242 494 1300 de
510 1256 554 1308 qua
568 1243 712 1306 testificatus
721 1241 754 1291 sit
763 1241 835 1293 initio
849 1243 936 1291 statim
943 1244 1021 1311 prin-
1093 1287 1095 1292 .

344 1310 440 1377 cipatus
458 1343 466 1368 ,
485 1310 624 1377 professus,
642 1308 838 1375 quadringenties
854 1310 944 1361 millies
960 1328 1022 1377 opus
1093 1349 1095 1358 .

345 1394 412 1435 esse,
431 1390 459 1429 ut
475 1394 537 1445 resp.
551 1392 617 1428 stare
627 1377 714 1445 possit.
731 1376 800 1438 Quod
815 1390 839 1426 et
857 1377 1022 1429 uerisimilius
1092 1383 1095 1434 ζ

345 1444 446 1495 videtur
453 1480 462 1503 ,
485 1444 576 1509 quando
593 1460 617 1495 et
630 1447 693 1495 rnale
704 1444 784 1516 partis
800 1443 885 1518 optime
899 1460 957 1493 usus
971 1460 1021 1495 est·
1083 1484 1091 1495 s

343 1513 432 1575 Itaque
454 1509 617 1573 Vespasianus
639 1508 703 1559 inter
725 1522 835 1571 optumos
855 1523 1020 1573 imperatores
1082 1531 1095 1547 -.

343 1578 396 1641 iure
411 1576 540 1641 reponitur
553 1594 567 1626 a
580 1575 692 1639 Vopisco
706 1573 899 1635 insistebam,
913 1577 955 1629 Ab
963 1577 1021 1631 Are-
1084 1600 1087 1607 ·

342 1661 435 1713 gusto,
451 1643 550 1709 inquit,
566 1645 592 1694 in
608 1643 808 1701 Diocletianum,
825 1644 1021 1697 Musonianum·
1085 1655 1095 1704 -ζ

343 1728 404 1778 que,
415 1713 550 1779 principes,
566 1728 618 1777 quae
632 1712 704 1763 series
712 1725 903 1777 purpuratorum
916 1712 965 1768 tit,
978 1714 1018 1763 in·
1080 1734 1091 1769 ·5

347 1781 392 1831 den
404 1778 515 1847 publicus
530 1792 603 1831 tenet·
618 1778 664 1828 Sed
680 1778 705 1826 in
722 1778 759 1827 bis
775 1777 875 1844 optimi,
897 1778 945 1843 ipse
959 1778 1019 1831 Au·
1091 1814 1094 1824 .,

341 1860 456 1913 gustus,
480 1846 580 1896 Flavius
604 1844 788 1911 Vespasianus,
812 1842 883 1894 litus
905 1846 1018 1911 Cocceius
1085 1868 1095 1912 ,ς

342 1912 450 1970 Nerua,
465 1913 536 1963 divus
550 1910 684 1976 Traianus,
698 1912 745 1959 dec.
755 1910 838 1970 Quare
852 1925 908 1959 cunt
924 1910 1016 1963 Victor
1080 1945 1089 1971 ,a

342 1978 455 2044 loquitur
472 1979 504 2028 dt
518 1976 623 2035 inultis,
640 1989 667 2027 et
684 1975 808 2027 atrocibus
822 1976 948 2041 tyrannia3
963 1994 1016 2029 nors
1083 2016 1095 2049 ζ

344 2040 520 2109 Vespasianum
544 2044 645 2109 signat,
671 2050 770 2107 (quern
790 2044 843 2105 ipse
865 2034 918 2103 aii,
938 2060 1015 2098 esan.
1086 2071 1091 2112 Ξ

341 2130 415 2181 guem
438 2115 478 2163 aia
489 2114 626 2177 fessumque
645 2127 768 2162 terrarum
790 2111 869 2162 orbem
886 2111 955 2170 brevi
973 2131 1015 2165 re·
1079 2142 1095 2182 it

338 2180 427 2244 secisse
444 2199 452 2227 .·
470 2179 512 2227 sed
531 2176 675 2235 Tiberium,
693 2176 850 2243 Caligulam,
868 2179 1012 2239 Neronem,

342 2244 533 2305 Domitianum,
552 2259 580 2295 ut
597 2244 628 2293 de
646 2242 754 2293 Vitellio
772 2242 837 2293 nihil
854 2244 944 2295 dicam·
961 2248 1015 2297 Ne·

342 2328 406 2377 que,
425 2314 522 2377 quade
545 2310 634 2361 inertia
659 2308 835 2375 imperatorum
851 2312 1013 2387 conqueritur
1083 2303 1095 2372 ⁴,

256 2369 262 2389 ’
341 2380 451 2439 Florus,
470 2382 500 2430 arl
516 2378 691 2445 Vespasianum
715 2379 840 2442 pertinent
861 2396 1013 2443 quicqusntt
1074 2377 1095 2442 *2

342 2446 385 2513 qui
400 2448 445 2499 tub
462 2446 568 2501 Claudio
586 2453 633 2508 (ut
649 2446 684 2496 ait
702 2443 876 2509 Tranquillus)
892 2447 951 2497 duas
967 2464 1014 2499 sta·
1072 2445 1095 2504 »Γ

342 2516 476 2569 lidissimas
489 2531 595 2585 gentes,
620 2532 732 2581 superque
749 2526 792 2563 xx
808 2514 892 2579 oppida
907 2548 916 2571 ,
931 2529 954 2564 et
971 2516 1012 2566 in·

341 2584 422 2635 talam
437 2583 532 2635 Vectem
549 2620 557 2641 ,
575 2582 712 2633 Britannia
725 2581 862 2647 proximam
878 2614 887 2637 ,
905 2582 931 2631 in
947 2582 1014 2633 dedi·
1071 2579 1095 2648 ζ

342 2650 431 2701 tionem
448 2652 549 2725 redegit.
568 2651 641 2698 Notat
658 2662 754 2711 quoque
771 2661 809 2695 res
826 2645 858 2695 ab
874 2662 905 2695 eo
920 2680 928 2704 ,
945 2646 1013 2698 filio.
1074 2649 1094 2716 ss

342 2731 407 2781 que,
422 2714 448 2763 in
462 2718 567 2765 Oriente
585 2729 675 2779 gestat,
693 2710 868 2764 rebellantibus
878 2713 978 2765 iudeis.
999 2746 1006 2772 ,-
1070 2716 1095 2780 ji*

345 2814 349 2821 ·
373 2782 459 2847 Atque
475 2783 526 2831 baec
549 2782 615 2831 clare
634 2780 744 2837 docent,
766 2779 830 2828 nihil
854 2796 929 2831 causa
945 2796 1013 2843 esse,
1075 2780 1087 2794 ’“

317 2864 385 2929 war
400 2849 430 2901 de
441 2846 584 2927 Vespasiani
600 2846 753 2913 tenporibus
769 2845 851 2925 Curtii
865 2848 939 2902 uerba
952 2861 1011 2915 pst
1068 2847 1083 2916 {f
