2350 3967
289 449 659 554 »treunam
775 468 838 552 unu

152 553 303 633 ‘'ffim
322 568 383 632 Vi.
407 572 470 632 Rex
492 590 598 651 septem
620 573 840 634 diebuseurate

160 651 306 719 vulnere,
326 670 381 710 nec
392 651 459 711 dum
467 652 750 727 ¹obducta‘cicattice,
769 672 837 712 cum

161 730 289 790 audisset
308 728 482 789 conuobtisse
499 730 570 809 apud
586 729 714 789 barbaros
726 728 836 805 famam
856 773 857 777 ,

162 807 267 871 mortis
278 828 337 867 suu
349 806 482 877 ;.duobus
493 808 617 888 navigiis
625 808 752 886 junctis,
774 825 837 867 stu-

158 885 207 946 'tui
220 885 251 943 in
262 885 381 945 medium
392 885 510 963 undique
521 884 695 966 conspicuum
706 885 837 946 taberna-

161 962 258 1024 culum
274 964 372 1036 iussit,
388 985 424 1025 ex
440 984 491 1043 quo
502 985 534 1025 se
549 963 704 1025 ostenderet
715 963 835 1045 periisse

157 1040 350 1121 credentibus.
360 1042 588 1122 Conspectusque
598 1046 632 1103 ab
641 1044 743 1104 incolis
755 1063 835 1120 spem

159 1120 292 1181 bostium
308 1122 381 1181 fabo
398 1124 498 1183 nuntio
515 1140 683 1199 conceptam
701 1123 834 1185 inhibuit.

161 1200 297 1259 Secundo
306 1201 405 1261 deinde
413 1222 498 1261 amne
509 1200 640 1270 defluxit,
656 1202 832 1279 aliquantum

161 1278 308 1340 intervalli
330 1302 346 1339 a
370 1298 463 1341 cetera
483 1282 570 1341 classe
593 1280 774 1357 praecipiens‚
795 1299 833 1339 ne

160 1358 244 1435 quies
270 1360 384 1436 corpori
408 1360 532 1419 invalido
560 1360 651 1420 adhuc
677 1357 846 1419 necessaria.
905 1356 907 1363 '

156 1437 247 1515 ‘pulsu
257 1455 404 1497 remorum
411 1438 601 1515 impediretur.
613 1437 743 1515 Quarto,
754 1452 834 1521 post·

157 1536 250 1593 quam
270 1517 403 1595 navigare
422 1536 567 1595 coeperat,
588 1517 633 1576 die
651 1518 779 1593 pervenit
800 1516 832 1575 in

159 1595 313 1674 regionem
324 1595 463 1655 desertam
474 1596 589 1673 quidem
600 1598 635 1654 ab
646 1596 768 1664 incolis,
784 1594 831 1655 sed

159 1674 306 1734 frumento
319 1690 347 1732 et
356 1676 505 1750 pecoribus
516 1676 715 1736 abundantem.
723 1673 832 1735 Placuit

154 1751 184 1811 'is
196 1754 278 1811 locus
288 1749 357 1812 etad
369 1766 468 1821 suam,
482 1774 510 1813 et
519 1754 552 1813 ad
561 1754 832 1831 militum'requiem·
859 1788 862 1795 ·

159 1832 230 1892 Mos
241 1849 301 1891 erat
315 1832 484 1912 principibus
495 1834 676 1903 amicorum,
693 1849 721 1895 et
735 1850 832 1893 custo*-

158 1911 241 1971 dibus
252 1910 400 1985 corporis,
418 1914 556 1976 excubate
569 1930 634 1971 ante
642 1912 830 1989 'pretorium

159 1988 275 2065 quoties
296 1988 355 2070 regi
380 1990 497 2051 adversa
518 1990 652 2050 valetudo
678 1990 848 2049 incidisset.-

158 2067 230 2128 Hoc
251 2084 314 2126 tum
335 2084 418 2129 more
438 2086 552 2144 quoque
574 2085 683 2131 servato
706 2066 877 2129 universir‘*

157 2146 326 2208 cubiculum
341 2146 405 2217 ejus
414 2148 530 2208 intrant.
545 2148 598 2207 Ille
616 2146 772 2216 sollicitus,
793 2164 830 2207 ne

156 2224 226 2303 quid
238 2224 308 2283 novi
320 2224 469 2291 affinem,
491 2226 556 2301 quia
571 2226 655 2287 simul
669 2242 830 2301 venerant3

157 2321 365 2383 percontatur,
386 2324 449 2362 nun
467 2302 584 2364 bostium
600 2324 695 2365 recens
713 2302 829 2364 nuntiu-

157 2396 233 2443 retur
241 2380 388 2444 adventus.
399 2383 439 2441 At
448 2382 596 2452 Craterus,
608 2384 654 2443 cui
665 2382 830 2442 mandatum

158 2478 236 2527 erat,
251 2479 282 2521 ut
290 2461 450 2521 amicorum
460 2482 555 2539 preces
565 2461 739 2539 perfertetad
748 2479 827 2531 eum;

158 2538 295 2601 Credisne
307 2580 318 2607 ,
328 2540 441 2616 inquit,
454 2540 572 2600 adventu
584 2538 675 2619 tnagis
688 2537 806 2599 bostium
813 2578 826 2609 ,

157 2620 253 2697 etjam
265 2616 296 2676 in
308 2616 382 2677 vallo
394 2618 595 2687 consisterent,
611 2628 689 2691 ouum
706 2637 770 2678 curu
782 2635 829 2676 ra·

157 2695 225 2756 luris
238 2713 316 2764 tute,
339 2713 370 2754 ut
386 2716 457 2755 nunc
470 2697 575 2757 esttibi
586 2696 652 2757 vilis
666 2738 676 2767 ,
698 2717 748 2757 nos
765 2714 828 2756 esre

156 2774 323 2835 sollicitos?
342 2774 561 2853 quantalibetvir
570 2775 688 2836 omnium
699 2773 827 2854 gentium

155 2853 298 2937 conspicer·
315 2851 347 2914 in
366 2874 443 2931 nor-3
464 2853 577 2939 inpleat
597 2854 685 2919 armis
707 2854 829 2935 vitisque
