<?xml version="1.0" encoding="UTF-8"?>
<!DOCTYPE html PUBLIC "-//W3C//DTD XHTML 1.0 Transitional//EN"
    "http://www.w3.org/TR/xhtml1/DTD/xhtml1-transitional.dtd">
<html xmlns="http://www.w3.org/1999/xhtml" xml:lang="en" lang="en">
 <head>
  <title>
</title>
<meta http-equiv="Content-Type" content="text/html;charset=utf-8" />
  <meta name='ocr-system' content='tesseract 3.04.00' />
  <meta name='ocr-capabilities' content='ocr_page ocr_carea ocr_par ocr_line ocrx_word'/>
</head>
<body>
  <div class='ocr_page' id='page_1' title='image "./qcurtiirufidere01rufugoog_0106.png"; bbox 0 0 2350 3967; ppageno 0'>
   <div class='ocr_carea' id='block_1_1' title="bbox 254 431 838 499">
    <p class='ocr_par' dir='ltr' id='par_1_1' title="bbox 254 431 838 499">
     <span class='ocr_line' id='line_1_1' title="bbox 254 431 838 499; baseline 0 -9"><span class='ocrx_word' id='word_1_1' title='bbox 254 438 305 490; x_wconf 74' lang='lat' dir='ltr'>tet</span> <span class='ocrx_word' id='word_1_2' title='bbox 342 437 379 499; x_wconf 83' lang='lat' dir='ltr'>Q.</span> <span class='ocrx_word' id='word_1_3' title='bbox 415 431 665 492; x_wconf 78' lang='lat' dir='ltr'>CURTIUML</span> <span class='ocrx_word' id='word_1_4' title='bbox 700 437 741 491; x_wconf 82' lang='lat' dir='ltr'>ll.</span> <span class='ocrx_word' id='word_1_5' title='bbox 809 447 838 496; x_wconf 72' lang='grc' dir='ltr'>ιι</span> 
     </span>
    </p>
   </div>
   <div class='ocr_carea' id='block_1_2' title="bbox 151 523 892 2886">
    <p class='ocr_par' dir='ltr' id='par_1_2' title="bbox 151 523 892 2886">
     <span class='ocr_line' id='line_1_2' title="bbox 161 523 842 592; baseline 0.003 -18"><span class='ocrx_word' id='word_1_6' title='bbox 161 523 272 591; x_wconf 75' lang='lat' dir='ltr'>digendi</span> <span class='ocrx_word' id='word_1_7' title='bbox 303 523 385 586; x_wconf 85' lang='lat' dir='ltr'>Cius,</span> <span class='ocrx_word' id='word_1_8' title='bbox 401 525 481 584; x_wconf 72' lang='lat' dir='ltr'>Elea,</span> <span class='ocrx_word' id='word_1_9' title='bbox 500 527 651 592; x_wconf 83' lang='lat' dir='ltr'>Mylassaque</span> <span class='ocrx_word' id='word_1_10' title='bbox 668 542 694 577; x_wconf 88' lang='lat' dir='ltr'>et</span> <span class='ocrx_word' id='word_1_11' title='bbox 710 528 842 592; x_wconf 79' lang='lat' dir='ltr'>Gergetho</span> 
     </span>
     <span class='ocr_line' id='line_1_3' title="bbox 160 563 844 658; baseline 0.004 -16"><span class='ocrx_word' id='word_1_12' title='bbox 160 597 246 642; x_wconf 83' lang='lat' dir='ltr'>fuere:</span> <span class='ocrx_word' id='word_1_13' title='bbox 258 590 363 658; x_wconf 86' lang='lat' dir='ltr'>quidam</span> <span class='ocrx_word' id='word_1_14' title='bbox 376 563 467 642; x_wconf 81' lang='lat' dir='ltr'>iultimo</span> <span class='ocrx_word' id='word_1_15' title='bbox 484 594 785 646; x_wconf 82' lang='lat' dir='ltr'>locoPatarsuominant.</span> <span class='ocrx_word' id='word_1_16' title='bbox 803 595 844 646; x_wconf 79' lang='lat' dir='ltr'>At</span> 
     </span>
     <span class='ocr_line' id='line_1_4' title="bbox 160 659 843 742; baseline -0.001 -32"><span class='ocrx_word' id='word_1_17' title='bbox 160 659 203 737; x_wconf 82' lang='lat' dir='ltr'>ille</span> <span class='ocrx_word' id='word_1_18' title='bbox 218 659 285 710; x_wconf 84' lang='lat' dir='ltr'>nihil</span> <span class='ocrx_word' id='word_1_19' title='bbox 296 659 387 742; x_wconf 72' lang='lat' dir='ltr'>horurq</span> <span class='ocrx_word' id='word_1_20' title='bbox 397 659 515 724; x_wconf 86' lang='lat' dir='ltr'>accepit:</span> <span class='ocrx_word' id='word_1_21' title='bbox 530 663 573 712; x_wconf 86' lang='lat' dir='ltr'>sed</span> <span class='ocrx_word' id='word_1_22' title='bbox 587 677 617 711; x_wconf 86' lang='lat' dir='ltr'>ne</span> <span class='ocrx_word' id='word_1_23' title='bbox 626 661 688 712; x_wconf 82' lang='lat' dir='ltr'>tanti</span> <span class='ocrx_word' id='word_1_24' title='bbox 702 661 768 740; x_wconf 75' lang='lat' dir='ltr'>regis</span> <span class='ocrx_word' id='word_1_25' title='bbox 782 661 843 710; x_wconf 82' lang='lat' dir='ltr'>ami·</span> 
     </span>
     <span class='ocr_line' id='line_1_5' title="bbox 160 725 841 794; baseline 0.007 -18"><span class='ocrx_word' id='word_1_26' title='bbox 160 725 246 778; x_wconf 83' lang='lat' dir='ltr'>citiam</span> <span class='ocrx_word' id='word_1_27' title='bbox 260 726 395 778; x_wconf 75' lang='lat' dir='ltr'>fastidiose</span> <span class='ocrx_word' id='word_1_28' title='bbox 411 725 534 791; x_wconf 78' lang='lat' dir='ltr'>sprevisse</span> <span class='ocrx_word' id='word_1_29' title='bbox 546 727 686 786; x_wconf 84' lang='lat' dir='ltr'>videretur,</span> <span class='ocrx_word' id='word_1_30' title='bbox 702 727 793 794; x_wconf 79' lang='lat' dir='ltr'>petiit</span> <span class='ocrx_word' id='word_1_31' title='bbox 810 743 841 781; x_wconf 84' lang='lat' dir='ltr'>ut</span> 
     </span>
     <span class='ocr_line' id='line_1_6' title="bbox 160 764 837 863; baseline 0 -17"><span class='ocrx_word' id='word_1_32' title='bbox 160 795 336 848; x_wconf 77' lang='lat' dir='ltr'>Echecratides</span> <span class='ocrx_word' id='word_1_33' title='bbox 352 795 477 863; x_wconf 73' lang='lat' dir='ltr'><em>sophista,</em></span> <span class='ocrx_word' id='word_1_34' title='bbox 498 811 521 848; x_wconf 84' lang='lat' dir='ltr'>et</span> <span class='ocrx_word' id='word_1_35' title='bbox 535 764 701 848; x_wconf 81' lang='lat' dir='ltr'><em>Athenodorus</em></span> <span class='ocrx_word' id='word_1_36' title='bbox 716 795 837 854; x_wconf 77' lang='lat' dir='ltr'>imbrius,</span> 
     </span>
     <span class='ocr_line' id='line_1_7' title="bbox 160 861 838 930; baseline 0 -18"><span class='ocrx_word' id='word_1_37' title='bbox 160 880 211 914; x_wconf 86' lang='lat' dir='ltr'>tum</span> <span class='ocrx_word' id='word_1_38' title='bbox 220 861 363 914; x_wconf 82' lang='lat' dir='ltr'><em>Demarato</em></span> <span class='ocrx_word' id='word_1_39' title='bbox 379 877 403 914; x_wconf 85' lang='grc' dir='ltr'>ιι</span> <span class='ocrx_word' id='word_1_40' title='bbox 419 865 535 930; x_wconf 78' lang='lat' dir='ltr'>Spartane</span> <span class='ocrx_word' id='word_1_41' title='bbox 551 863 668 922; x_wconf 76' lang='lat' dir='ltr'>Rhodiis,</span> <span class='ocrx_word' id='word_1_42' title='bbox 687 863 728 928; x_wconf 86' lang='lat' dir='ltr'>qui</span> <span class='ocrx_word' id='word_1_43' title='bbox 742 862 768 911; x_wconf 89' lang='lat' dir='ltr'>in</span> <span class='ocrx_word' id='word_1_44' title='bbox 782 877 838 912; x_wconf 83' lang='lat' dir='ltr'>arte</span> 
     </span>
     <span class='ocr_line' id='line_1_8' title="bbox 160 926 837 993; baseline 0.005 -16"><span class='ocrx_word' id='word_1_45' title='bbox 160 927 274 979; x_wconf 83' lang='lat' dir='ltr'>sardiana</span> <span class='ocrx_word' id='word_1_46' title='bbox 290 926 390 993; x_wconf 83' lang='lat' dir='ltr'>captivi</span> <span class='ocrx_word' id='word_1_47' title='bbox 404 929 567 989; x_wconf 83' lang='lat' dir='ltr'>tenebantur,</span> <span class='ocrx_word' id='word_1_48' title='bbox 585 931 694 984; x_wconf 83' lang='lat' dir='ltr'>custodia</span> <span class='ocrx_word' id='word_1_49' title='bbox 707 931 837 983; x_wconf 82' lang='lat' dir='ltr'>liberaren-</span> 
     </span>
     <span class='ocr_line' id='line_1_9' title="bbox 160 994 837 1062; baseline 0 -15"><span class='ocrx_word' id='word_1_50' title='bbox 160 1010 211 1048; x_wconf 86' lang='lat' dir='ltr'>tur.</span> <span class='ocrx_word' id='word_1_51' title='bbox 226 997 274 1046; x_wconf 85' lang='lat' dir='ltr'>Sed</span> <span class='ocrx_word' id='word_1_52' title='bbox 290 994 367 1046; x_wconf 77' lang='lat' dir='ltr'>haee</span> <span class='ocrx_word' id='word_1_53' title='bbox 359 1011 496 1062; x_wconf 80' lang='lat' dir='ltr'>insequens</span> <span class='ocrx_word' id='word_1_54' title='bbox 509 1012 603 1060; x_wconf 84' lang='lat' dir='ltr'>tempus</span> <span class='ocrx_word' id='word_1_55' title='bbox 619 1012 756 1048; x_wconf 78' lang='lat' dir='ltr'>excurrere.</span> <span class='ocrx_word' id='word_1_56' title='bbox 773 1001 837 1048; x_wconf 87' lang='lat' dir='ltr'>Tum</span> 
     </span>
     <span class='ocr_line' id='line_1_10' title="bbox 160 1061 838 1141; baseline 0.002 -27"><span class='ocrx_word' id='word_1_57' title='bbox 160 1064 188 1114; x_wconf 84' lang='lat' dir='ltr'>ad</span> <span class='ocrx_word' id='word_1_58' title='bbox 202 1061 354 1141; x_wconf 79' lang='lat' dir='ltr'>Ephesum</span> <span class='ocrx_word' id='word_1_59' title='bbox 346 1078 410 1114; x_wconf 83' lang='lat' dir='ltr'>itum</span> <span class='ocrx_word' id='word_1_60' title='bbox 425 1079 478 1122; x_wconf 87' lang='lat' dir='ltr'>est,</span> <span class='ocrx_word' id='word_1_61' title='bbox 493 1081 563 1130; x_wconf 87' lang='lat' dir='ltr'>quam</span> <span class='ocrx_word' id='word_1_62' title='bbox 573 1081 676 1129; x_wconf 85' lang='lat' dir='ltr'>accepto</span> <span class='ocrx_word' id='word_1_63' title='bbox 692 1065 838 1115; x_wconf 78' lang='lat' dir='ltr'>cladirl’et-</span> 
     </span>
     <span class='ocr_line' id='line_1_11' title="bbox 160 1129 882 1196; baseline 0.003 -16"><span class='ocrx_word' id='word_1_64' title='bbox 160 1130 212 1180; x_wconf 81' lang='lat' dir='ltr'>sleae</span> <span class='ocrx_word' id='word_1_65' title='bbox 222 1147 316 1182; x_wconf 81' lang='lat' dir='ltr'>nuntio</span> <span class='ocrx_word' id='word_1_66' title='bbox 325 1129 469 1196; x_wconf 76' lang='lat' dir='ltr'>praesidiarii</span> <span class='ocrx_word' id='word_1_67' title='bbox 477 1132 646 1190; x_wconf 88' lang='lat' dir='ltr'>deseruerant</span> <span class='ocrx_word' id='word_1_68' title='bbox 657 1133 748 1182; x_wconf 81' lang='lat' dir='ltr'>duabus</span> <span class='ocrx_word' id='word_1_69' title='bbox 757 1131 837 1196; x_wconf 78' lang='lat' dir='ltr'>Ephe·</span> <span class='ocrx_word' id='word_1_70' title='bbox 873 1138 882 1150; x_wconf 85' lang='lat'><strong><em>&#39;</em></strong></span> 
     </span>
     <span class='ocr_line' id='line_1_12' title="bbox 158 1197 836 1266; baseline 0.003 -19"><span class='ocrx_word' id='word_1_71' title='bbox 158 1197 250 1248; x_wconf 82' lang='lat' dir='ltr'>tiorum</span> <span class='ocrx_word' id='word_1_72' title='bbox 261 1197 409 1249; x_wconf 82' lang='lat' dir='ltr'>triremibus</span> <span class='ocrx_word' id='word_1_73' title='bbox 418 1198 509 1251; x_wconf 83' lang='lat' dir='ltr'>averti.</span> <span class='ocrx_word' id='word_1_74' title='bbox 525 1199 599 1250; x_wconf 88' lang='lat' dir='ltr'>Erat</span> <span class='ocrx_word' id='word_1_75' title='bbox 592 1214 706 1250; x_wconf 82' lang='lat' dir='ltr'>intereos</span> <span class='ocrx_word' id='word_1_76' title='bbox 714 1201 836 1266; x_wconf 71' lang='lat' dir='ltr'>Amyntas</span> 
     </span>
     <span class='ocr_line' id='line_1_13' title="bbox 159 1264 834 1343; baseline 0 -27"><span class='ocrx_word' id='word_1_77' title='bbox 159 1265 302 1316; x_wconf 82' lang='lat' dir='ltr'>Anthioehi</span> <span class='ocrx_word' id='word_1_78' title='bbox 319 1265 400 1324; x_wconf 82' lang='lat' dir='ltr'>filius,</span> <span class='ocrx_word' id='word_1_79' title='bbox 418 1267 459 1343; x_wconf 90' lang='lat' dir='ltr'>qui</span> <span class='ocrx_word' id='word_1_80' title='bbox 470 1283 499 1317; x_wconf 79' lang='lat' dir='ltr'>er</span> <span class='ocrx_word' id='word_1_81' title='bbox 514 1264 659 1318; x_wconf 82' lang='lat' dir='ltr'>Macedonia</span> <span class='ocrx_word' id='word_1_82' title='bbox 673 1269 834 1332; x_wconf 77' lang='lat' dir='ltr'>profirgerat,</span> 
     </span>
     <span class='ocr_line' id='line_1_14' title="bbox 158 1332 835 1398; baseline 0 -14"><span class='ocrx_word' id='word_1_83' title='bbox 158 1335 224 1384; x_wconf 84' lang='lat' dir='ltr'>nulla</span> <span class='ocrx_word' id='word_1_84' title='bbox 241 1332 369 1398; x_wconf 86' lang='lat' dir='ltr'>quidem</span> <span class='ocrx_word' id='word_1_85' title='bbox 361 1333 449 1394; x_wconf 83' lang='lat' dir='ltr'>injuria</span> <span class='ocrx_word' id='word_1_86' title='bbox 461 1334 577 1392; x_wconf 84' lang='lat' dir='ltr'>affectus,</span> <span class='ocrx_word' id='word_1_87' title='bbox 597 1334 641 1384; x_wconf 85' lang='lat' dir='ltr'>red</span> <span class='ocrx_word' id='word_1_88' title='bbox 657 1335 724 1398; x_wconf 90' lang='lat' dir='ltr'>quod</span> <span class='ocrx_word' id='word_1_89' title='bbox 739 1333 835 1397; x_wconf 81' lang='lat' dir='ltr'>peritu-</span> 
     </span>
     <span class='ocr_line' id='line_1_15' title="bbox 159 1399 835 1478; baseline 0 -28"><span class='ocrx_word' id='word_1_90' title='bbox 159 1401 207 1452; x_wconf 87' lang='lat' dir='ltr'>lum</span> <span class='ocrx_word' id='word_1_91' title='bbox 216 1419 230 1450; x_wconf 88' lang='lat' dir='ltr'>a</span> <span class='ocrx_word' id='word_1_92' title='bbox 240 1417 303 1466; x_wconf 86' lang='lat' dir='ltr'>tege</span> <span class='ocrx_word' id='word_1_93' title='bbox 312 1415 451 1452; x_wconf 87' lang='lat' dir='ltr'>metueret:</span> <span class='ocrx_word' id='word_1_94' title='bbox 459 1417 531 1478; x_wconf 87' lang='lat' dir='ltr'>quern</span> <span class='ocrx_word' id='word_1_95' title='bbox 541 1401 597 1468; x_wconf 88' lang='lat' dir='ltr'>quia</span> <span class='ocrx_word' id='word_1_96' title='bbox 606 1399 713 1451; x_wconf 82' lang='lat' dir='ltr'>invisum</span> <span class='ocrx_word' id='word_1_97' title='bbox 723 1417 835 1450; x_wconf 84' lang='lat' dir='ltr'>exosum·</span> 
     </span>
     <span class='ocr_line' id='line_1_16' title="bbox 160 1466 834 1532; baseline 0 -14"><span class='ocrx_word' id='word_1_98' title='bbox 160 1485 203 1532; x_wconf 88' lang='lat' dir='ltr'>que</span> <span class='ocrx_word' id='word_1_99' title='bbox 220 1467 347 1527; x_wconf 86' lang='lat' dir='ltr'>habebat,</span> <span class='ocrx_word' id='word_1_100' title='bbox 368 1468 436 1520; x_wconf 86' lang='lat' dir='ltr'>illius</span> <span class='ocrx_word' id='word_1_101' title='bbox 450 1468 557 1520; x_wconf 85' lang='lat' dir='ltr'>animum</span> <span class='ocrx_word' id='word_1_102' title='bbox 572 1487 601 1520; x_wconf 88' lang='grc' dir='ltr'>ιιι</span> <span class='ocrx_word' id='word_1_103' title='bbox 617 1485 661 1518; x_wconf 85' lang='lat' dir='ltr'>ruo</span> <span class='ocrx_word' id='word_1_104' title='bbox 677 1466 834 1519; x_wconf 83' lang='lat' dir='ltr'>metiebatur·</span> 
     </span>
     <span class='ocr_line' id='line_1_17' title="bbox 159 1533 834 1613; baseline -0.003 -27"><span class='ocrx_word' id='word_1_105' title='bbox 159 1537 254 1596; x_wconf 88' lang='lat' dir='ltr'>Quarto</span> <span class='ocrx_word' id='word_1_106' title='bbox 264 1551 398 1613; x_wconf 85' lang='lat' dir='ltr'>postquam</span> <span class='ocrx_word' id='word_1_107' title='bbox 412 1535 525 1588; x_wconf 77' lang='lat' dir='ltr'>Sardibus</span> <span class='ocrx_word' id='word_1_108' title='bbox 539 1535 658 1588; x_wconf 82' lang='lat' dir='ltr'>movisset</span> <span class='ocrx_word' id='word_1_109' title='bbox 669 1535 730 1594; x_wconf 89' lang='lat' dir='ltr'>die,</span> <span class='ocrx_word' id='word_1_110' title='bbox 752 1533 834 1599; x_wconf 81' lang='lat' dir='ltr'>Ephe·</span> 
     </span>
     <span class='ocr_line' id='line_1_18' title="bbox 158 1571 831 1681; baseline 0 -29"><span class='ocrx_word' id='word_1_111' title='bbox 158 1619 208 1681; x_wconf 76' lang='lat' dir='ltr'>suin</span> <span class='ocrx_word' id='word_1_112' title='bbox 224 1599 330 1654; x_wconf 88' lang='lat' dir='ltr'>introiit</span> <span class='ocrx_word' id='word_1_113' title='bbox 344 1603 505 1656; x_wconf 82' lang='lat' dir='ltr'>Alexander:</span> <span class='ocrx_word' id='word_1_114' title='bbox 519 1602 687 1670; x_wconf 71' lang='lat' dir='ltr'>restitutisque</span> <span class='ocrx_word' id='word_1_115' title='bbox 700 1571 831 1659; x_wconf 76' lang='lat' dir='ltr'>cialibus,</span> 
     </span>
     <span class='ocr_line' id='line_1_19' title="bbox 157 1665 830 1737; baseline -0.002 -17"><span class='ocrx_word' id='word_1_116' title='bbox 157 1669 196 1736; x_wconf 90' lang='lat' dir='ltr'>qui</span> <span class='ocrx_word' id='word_1_117' title='bbox 212 1687 353 1735; x_wconf 86' lang='lat' dir='ltr'>paucorum</span> <span class='ocrx_word' id='word_1_118' title='bbox 367 1665 535 1724; x_wconf 69' lang='lat' dir='ltr'>dominatione</span> <span class='ocrx_word' id='word_1_119' title='bbox 550 1671 614 1737; x_wconf 84' lang='lat' dir='ltr'>pulsi</span> <span class='ocrx_word' id='word_1_120' title='bbox 626 1674 741 1729; x_wconf 87' lang='lat' dir='ltr'>fuerant,</span> <span class='ocrx_word' id='word_1_121' title='bbox 763 1686 830 1720; x_wconf 88' lang='lat' dir='ltr'>rem·</span> 
     </span>
     <span class='ocr_line' id='line_1_20' title="bbox 156 1735 839 1804; baseline -0.002 -15"><span class='ocrx_word' id='word_1_122' title='bbox 156 1737 282 1803; x_wconf 81' lang='lat' dir='ltr'>publicam</span> <span class='ocrx_word' id='word_1_123' title='bbox 297 1739 395 1804; x_wconf 86' lang='lat' dir='ltr'>populo</span> <span class='ocrx_word' id='word_1_124' title='bbox 403 1739 512 1790; x_wconf 79' lang='lat' dir='ltr'>tradidit.</span> <span class='ocrx_word' id='word_1_125' title='bbox 525 1739 571 1790; x_wconf 89' lang='lat' dir='ltr'>Ille</span> <span class='ocrx_word' id='word_1_126' title='bbox 579 1738 702 1790; x_wconf 80' lang='lat' dir='ltr'>libertatis</span> <span class='ocrx_word' id='word_1_127' title='bbox 711 1737 753 1788; x_wconf 90' lang='lat' dir='ltr'>diu</span> <span class='ocrx_word' id='word_1_128' title='bbox 767 1735 839 1788; x_wconf 86' lang='lat' dir='ltr'>desi·</span> 
     </span>
     <span class='ocr_line' id='line_1_21' title="bbox 157 1804 853 1872; baseline -0.001 -17"><span class='ocrx_word' id='word_1_129' title='bbox 157 1807 245 1856; x_wconf 65' lang='lat' dir='ltr'>derata</span> <span class='ocrx_word' id='word_1_130' title='bbox 258 1822 384 1871; x_wconf 83' lang='lat' dir='ltr'>compos,</span> <span class='ocrx_word' id='word_1_131' title='bbox 402 1805 495 1872; x_wconf 85' lang='lat' dir='ltr'>eosqui</span> <span class='ocrx_word' id='word_1_132' title='bbox 511 1809 665 1858; x_wconf 85' lang='lat' dir='ltr'>Memnonem</span> <span class='ocrx_word' id='word_1_133' title='bbox 680 1804 830 1857; x_wconf 84' lang='lat' dir='ltr'>advocavit·</span> <span class='ocrx_word' id='word_1_134' title='bbox 848 1827 853 1833; x_wconf 91' lang='lat'><strong>·</strong></span> 
     </span>
     <span class='ocr_line' id='line_1_22' title="bbox 156 1872 830 1950; baseline -0.004 -26"><span class='ocrx_word' id='word_1_135' title='bbox 156 1890 223 1931; x_wconf 83' lang='lat' dir='ltr'>sent,</span> <span class='ocrx_word' id='word_1_136' title='bbox 233 1873 276 1950; x_wconf 85' lang='lat' dir='ltr'>qui</span> <span class='ocrx_word' id='word_1_137' title='bbox 292 1890 339 1938; x_wconf 91' lang='lat' dir='ltr'>que</span> <span class='ocrx_word' id='word_1_138' title='bbox 353 1875 471 1939; x_wconf 87' lang='lat' dir='ltr'>templum</span> <span class='ocrx_word' id='word_1_139' title='bbox 482 1872 564 1924; x_wconf 83' lang='lat' dir='ltr'>Dranae</span> <span class='ocrx_word' id='word_1_140' title='bbox 572 1874 736 1940; x_wconf 74' lang='lat' dir='ltr'>spoliassent</span> <span class='ocrx_word' id='word_1_141' title='bbox 750 1874 830 1947; x_wconf 88' lang='lat' dir='ltr'>inque</span> 
     </span>
     <span class='ocr_line' id='line_1_23' title="bbox 156 1936 862 2016; baseline -0.011 -24"><span class='ocrx_word' id='word_1_142' title='bbox 156 1958 185 1992; x_wconf 87' lang='lat' dir='ltr'>eo</span> <span class='ocrx_word' id='word_1_143' title='bbox 199 1939 316 2006; x_wconf 86' lang='lat' dir='ltr'>Philippi</span> <span class='ocrx_word' id='word_1_144' title='bbox 332 1955 436 1993; x_wconf 83' lang='lat' dir='ltr'>statuam</span> <span class='ocrx_word' id='word_1_145' title='bbox 451 1939 614 2003; x_wconf 69' lang='grc' dir='ltr'>ιιιὶιιὶιιιιιι,Ι</span> <span class='ocrx_word' id='word_1_146' title='bbox 629 1957 671 1992; x_wconf 92' lang='lat' dir='ltr'>aut</span> <span class='ocrx_word' id='word_1_147' title='bbox 686 1936 830 2016; x_wconf 62' lang='lat' dir='ltr'>Heropytlri</span> <span class='ocrx_word' id='word_1_148' title='bbox 859 1974 862 1984; x_wconf 89' lang='lat'><em>.</em></span> 
     </span>
     <span class='ocr_line' id='line_1_24' title="bbox 155 2005 830 2074; baseline -0.012 -14"><span class='ocrx_word' id='word_1_149' title='bbox 155 2023 346 2060; x_wconf 80' lang='lat' dir='ltr'>monumentum</span> <span class='ocrx_word' id='word_1_150' title='bbox 361 2008 522 2066; x_wconf 84' lang='lat' dir='ltr'>effodissent,</span> <span class='ocrx_word' id='word_1_151' title='bbox 537 2009 603 2074; x_wconf 89' lang='lat' dir='ltr'>quod</span> <span class='ocrx_word' id='word_1_152' title='bbox 618 2005 748 2058; x_wconf 86' lang='lat' dir='ltr'>liberatori</span> <span class='ocrx_word' id='word_1_153' title='bbox 763 2019 830 2068; x_wconf 71' lang='lat' dir='ltr'>crvi-</span> 
     </span>
     <span class='ocr_line' id='line_1_25' title="bbox 156 2072 830 2140; baseline -0.009 -11"><span class='ocrx_word' id='word_1_154' title='bbox 156 2077 210 2129; x_wconf 85' lang='lat' dir='ltr'>tatis</span> <span class='ocrx_word' id='word_1_155' title='bbox 224 2075 252 2126; x_wconf 88' lang='lat' dir='ltr'>in</span> <span class='ocrx_word' id='word_1_156' title='bbox 265 2079 327 2128; x_wconf 82' lang='lat' dir='ltr'>foto</span> <span class='ocrx_word' id='word_1_157' title='bbox 336 2075 445 2140; x_wconf 85' lang='lat' dir='ltr'>positum</span> <span class='ocrx_word' id='word_1_158' title='bbox 455 2080 550 2134; x_wconf 84' lang='lat' dir='ltr'>fuerat,</span> <span class='ocrx_word' id='word_1_159' title='bbox 569 2075 600 2124; x_wconf 88' lang='lat' dir='ltr'>ad</span> <span class='ocrx_word' id='word_1_160' title='bbox 608 2072 764 2140; x_wconf 79' lang='lat' dir='ltr'>supplicium</span> <span class='ocrx_word' id='word_1_161' title='bbox 769 2087 830 2139; x_wconf 78' lang='lat' dir='ltr'>poe·</span> 
     </span>
     <span class='ocr_line' id='line_1_26' title="bbox 155 2141 829 2221; baseline -0.004 -27"><span class='ocrx_word' id='word_1_162' title='bbox 155 2144 197 2196; x_wconf 79' lang='lat' dir='ltr'>eit.</span> <span class='ocrx_word' id='word_1_163' title='bbox 215 2147 252 2194; x_wconf 78' lang='lat' dir='ltr'>Ex</span> <span class='ocrx_word' id='word_1_164' title='bbox 269 2141 362 2210; x_wconf 89' lang='lat' dir='ltr'>quibus</span> <span class='ocrx_word' id='word_1_165' title='bbox 378 2144 487 2221; x_wconf 84' lang='lat' dir='ltr'>Pelagon</span> <span class='ocrx_word' id='word_1_166' title='bbox 505 2159 558 2194; x_wconf 79' lang='lat' dir='ltr'>cuni</span> <span class='ocrx_word' id='word_1_167' title='bbox 573 2147 647 2194; x_wconf 85' lang='lat' dir='ltr'>fratre</span> <span class='ocrx_word' id='word_1_168' title='bbox 662 2141 781 2212; x_wconf 78' lang='lat' dir='ltr'>Syrphate</span> <span class='ocrx_word' id='word_1_169' title='bbox 801 2152 829 2192; x_wconf 87' lang='lat' dir='ltr'>et</span> 
     </span>
     <span class='ocr_line' id='line_1_27' title="bbox 154 2209 892 2278; baseline -0.005 -16"><span class='ocrx_word' id='word_1_170' title='bbox 154 2211 326 2278; x_wconf 83' lang='lat' dir='ltr'>patruelibus,</span> <span class='ocrx_word' id='word_1_171' title='bbox 344 2227 373 2262; x_wconf 80' lang='lat' dir='ltr'>ex</span> <span class='ocrx_word' id='word_1_172' title='bbox 389 2209 440 2276; x_wconf 79' lang='lat' dir='ltr'>ipsa</span> <span class='ocrx_word' id='word_1_173' title='bbox 456 2210 529 2262; x_wconf 81' lang='lat' dir='ltr'>ede</span> <span class='ocrx_word' id='word_1_174' title='bbox 522 2226 547 2260; x_wconf 90' lang='grc' dir='ltr'>ιιι</span> <span class='ocrx_word' id='word_1_175' title='bbox 562 2227 633 2276; x_wconf 84' lang='lat' dir='ltr'>quam</span> <span class='ocrx_word' id='word_1_176' title='bbox 647 2214 828 2276; x_wconf 80' lang='lat' dir='ltr'>confugerant,</span> <span class='ocrx_word' id='word_1_177' title='bbox 886 2211 892 2221; x_wconf 87' lang='lat'>&#39;</span> 
     </span>
     <span class='ocr_line' id='line_1_28' title="bbox 153 2277 829 2358; baseline -0.006 -27"><span class='ocrx_word' id='word_1_178' title='bbox 153 2280 215 2346; x_wconf 80' lang='lat' dir='ltr'>rapti</span> <span class='ocrx_word' id='word_1_179' title='bbox 231 2294 309 2338; x_wconf 87' lang='lat' dir='ltr'>sunt,</span> <span class='ocrx_word' id='word_1_180' title='bbox 323 2277 463 2358; x_wconf 68' lang='lat' dir='ltr'>statimque</span> <span class='ocrx_word' id='word_1_181' title='bbox 475 2277 596 2342; x_wconf 77' lang='lat' dir='ltr'>lapidibus</span> <span class='ocrx_word' id='word_1_182' title='bbox 612 2279 707 2330; x_wconf 81' lang='lat' dir='ltr'>obruti·</span> <span class='ocrx_word' id='word_1_183' title='bbox 722 2279 829 2354; x_wconf 76' lang='lat' dir='ltr'>Jamque</span> 
     </span>
     <span class='ocr_line' id='line_1_29' title="bbox 153 2342 828 2412; baseline -0.008 -14"><span class='ocrx_word' id='word_1_184' title='bbox 153 2347 264 2400; x_wconf 76' lang='lat' dir='ltr'>incedes</span> <span class='ocrx_word' id='word_1_185' title='bbox 280 2361 308 2397; x_wconf 88' lang='lat' dir='ltr'>et</span> <span class='ocrx_word' id='word_1_186' title='bbox 321 2344 423 2412; x_wconf 85' lang='lat' dir='ltr'>injurias</span> <span class='ocrx_word' id='word_1_187' title='bbox 438 2345 533 2403; x_wconf 85' lang='lat' dir='ltr'>ibatur,</span> <span class='ocrx_word' id='word_1_188' title='bbox 550 2363 605 2398; x_wconf 87' lang='lat' dir='ltr'>cum</span> <span class='ocrx_word' id='word_1_189' title='bbox 613 2347 754 2398; x_wconf 79' lang='lat' dir='ltr'>Alexander</span> <span class='ocrx_word' id='word_1_190' title='bbox 763 2342 828 2394; x_wconf 88' lang='lat' dir='ltr'>inhi-</span> 
     </span>
     <span class='ocr_line' id='line_1_30' title="bbox 153 2366 829 2492; baseline -0.007 -26"><span class='ocrx_word' id='word_1_191' title='bbox 153 2417 199 2467; x_wconf 86' lang='lat' dir='ltr'>bita</span> <span class='ocrx_word' id='word_1_192' title='bbox 217 2413 294 2482; x_wconf 87' lang='lat' dir='ltr'>vulgi</span> <span class='ocrx_word' id='word_1_193' title='bbox 309 2366 436 2492; x_wconf 71' lang='lat' dir='ltr'>lieentia,</span> <span class='ocrx_word' id='word_1_194' title='bbox 461 2413 560 2464; x_wconf 86' lang='lat' dir='ltr'>ulterius</span> <span class='ocrx_word' id='word_1_195' title='bbox 577 2431 607 2464; x_wconf 92' lang='lat' dir='ltr'>eo</span> <span class='ocrx_word' id='word_1_196' title='bbox 625 2415 655 2464; x_wconf 86' lang='lat' dir='ltr'>de</span> <span class='ocrx_word' id='word_1_197' title='bbox 670 2412 775 2478; x_wconf 85' lang='lat' dir='ltr'>negotio</span> <span class='ocrx_word' id='word_1_198' title='bbox 791 2411 829 2461; x_wconf 84' lang='lat' dir='ltr'>in-</span> 
     </span>
     <span class='ocr_line' id='line_1_31' title="bbox 154 2449 827 2550; baseline -0.01 -15"><span class='ocrx_word' id='word_1_199' title='bbox 154 2484 232 2550; x_wconf 89' lang='lat' dir='ltr'>quiri,</span> <span class='ocrx_word' id='word_1_200' title='bbox 251 2497 299 2536; x_wconf 83' lang='lat' dir='ltr'>aut</span> <span class='ocrx_word' id='word_1_201' title='bbox 310 2480 398 2546; x_wconf 88' lang='lat' dir='ltr'>cuique</span> <span class='ocrx_word' id='word_1_202' title='bbox 412 2449 551 2532; x_wconf 82' lang='lat' dir='ltr'>niolestiam</span> <span class='ocrx_word' id='word_1_203' title='bbox 568 2479 678 2532; x_wconf 81' lang='lat' dir='ltr'>exhiberi</span> <span class='ocrx_word' id='word_1_204' title='bbox 690 2479 779 2532; x_wconf 81' lang='lat' dir='ltr'>vetuit.</span> <span class='ocrx_word' id='word_1_205' title='bbox 797 2478 827 2528; x_wconf 91' lang='lat' dir='ltr'>ld</span> 
     </span>
     <span class='ocr_line' id='line_1_32' title="bbox 154 2547 867 2627; baseline -0.013 -24"><span class='ocrx_word' id='word_1_206' title='bbox 154 2551 251 2617; x_wconf 82' lang='lat' dir='ltr'>optimis</span> <span class='ocrx_word' id='word_1_207' title='bbox 270 2549 420 2627; x_wconf 75' lang='lat' dir='ltr'>quibusque</span> <span class='ocrx_word' id='word_1_208' title='bbox 426 2547 498 2600; x_wconf 86' lang='lat' dir='ltr'>saluti</span> <span class='ocrx_word' id='word_1_209' title='bbox 514 2547 578 2607; x_wconf 85' lang='lat' dir='ltr'>fuit;</span> <span class='ocrx_word' id='word_1_210' title='bbox 597 2565 658 2624; x_wconf 86' lang='lat' dir='ltr'>quos</span> <span class='ocrx_word' id='word_1_211' title='bbox 671 2563 716 2611; x_wconf 85' lang='lat' dir='ltr'>per</span> <span class='ocrx_word' id='word_1_212' title='bbox 732 2561 842 2607; x_wconf 74' lang='lat' dir='ltr'>causam,</span> <span class='ocrx_word' id='word_1_213' title='bbox 864 2601 867 2606; x_wconf 43' lang='grc'><strong>,</strong></span> 
     </span>
     <span class='ocr_line' id='line_1_33' title="bbox 154 2613 828 2694; baseline -0.014 -21"><span class='ocrx_word' id='word_1_214' title='bbox 154 2639 200 2672; x_wconf 87' lang='grc' dir='ltr'>ιιιι</span> <span class='ocrx_word' id='word_1_215' title='bbox 193 2619 303 2672; x_wconf 79' lang='lat' dir='ltr'>fierive</span> <span class='ocrx_word' id='word_1_216' title='bbox 321 2615 451 2676; x_wconf 80' lang='lat' dir='ltr'>criminis,</span> <span class='ocrx_word' id='word_1_217' title='bbox 467 2614 577 2694; x_wconf 81' lang='lat' dir='ltr'>ipsorum</span> <span class='ocrx_word' id='word_1_218' title='bbox 586 2613 696 2692; x_wconf 77' lang='lat' dir='ltr'>dignitas</span> <span class='ocrx_word' id='word_1_219' title='bbox 709 2629 750 2663; x_wconf 85' lang='lat' dir='ltr'>aut</span> <span class='ocrx_word' id='word_1_220' title='bbox 763 2630 828 2677; x_wconf 84' lang='lat' dir='ltr'>opu·</span> 
     </span>
     <span class='ocr_line' id='line_1_34' title="bbox 152 2680 830 2761; baseline -0.011 -23"><span class='ocrx_word' id='word_1_221' title='bbox 152 2688 242 2750; x_wconf 76' lang='lat' dir='ltr'>lentie,</span> <span class='ocrx_word' id='word_1_222' title='bbox 258 2685 401 2739; x_wconf 77' lang='lat' dir='ltr'>furibunde</span> <span class='ocrx_word' id='word_1_223' title='bbox 417 2681 497 2748; x_wconf 83' lang='lat' dir='ltr'>plebis</span> <span class='ocrx_word' id='word_1_224' title='bbox 507 2681 573 2734; x_wconf 80' lang='lat' dir='ltr'>odiis</span> <span class='ocrx_word' id='word_1_225' title='bbox 587 2680 740 2761; x_wconf 78' lang='lat' dir='ltr'>avaritiaque</span> <span class='ocrx_word' id='word_1_226' title='bbox 755 2682 830 2743; x_wconf 85' lang='lat' dir='ltr'>obje-</span> 
     </span>
     <span class='ocr_line' id='line_1_35' title="bbox 152 2749 828 2828; baseline -0.012 -22"><span class='ocrx_word' id='word_1_227' title='bbox 152 2757 226 2811; x_wconf 83' lang='lat' dir='ltr'>risset.</span> <span class='ocrx_word' id='word_1_228' title='bbox 245 2761 321 2809; x_wconf 89' lang='lat' dir='ltr'>Inter</span> <span class='ocrx_word' id='word_1_229' title='bbox 340 2754 390 2804; x_wconf 76' lang='lat' dir='ltr'>hec</span> <span class='ocrx_word' id='word_1_230' title='bbox 406 2754 546 2828; x_wconf 81' lang='lat' dir='ltr'>Magnetes</span> <span class='ocrx_word' id='word_1_231' title='bbox 553 2765 578 2802; x_wconf 90' lang='lat' dir='ltr'>et</span> <span class='ocrx_word' id='word_1_232' title='bbox 592 2749 712 2800; x_wconf 79' lang='lat' dir='ltr'>Tralliani</span> <span class='ocrx_word' id='word_1_233' title='bbox 731 2752 828 2815; x_wconf 76' lang='lat' dir='ltr'>legatos</span> 
     </span>
     <span class='ocr_line' id='line_1_36' title="bbox 151 2815 825 2886; baseline -0.013 -10"><span class='ocrx_word' id='word_1_234' title='bbox 151 2826 264 2886; x_wconf 79' lang='lat' dir='ltr'>uiuunt,</span> <span class='ocrx_word' id='word_1_235' title='bbox 276 2821 414 2886; x_wconf 86' lang='lat' dir='ltr'>imperium</span> <span class='ocrx_word' id='word_1_236' title='bbox 425 2815 558 2880; x_wconf 85' lang='lat' dir='ltr'>accepturi</span> <span class='ocrx_word' id='word_1_237' title='bbox 565 2819 825 2872; x_wconf 79' lang='lat' dir='ltr'>EbParmeniouecum</span> 
     </span>
    </p>
   </div>
   <div class='ocr_carea' id='block_1_3' title="bbox 150 2885 827 2974">
    <p class='ocr_par' dir='ltr' id='par_1_3' title="bbox 150 2885 827 2974">
     <span class='ocr_line' id='line_1_37' title="bbox 150 2885 827 2974; baseline -0.024 -22"><span class='ocrx_word' id='word_1_238' title='bbox 150 2897 241 2974; x_wconf 66' lang='lat' dir='ltr'>quiaque</span> <span class='ocrx_word' id='word_1_239' title='bbox 255 2893 374 2968; x_wconf 68' lang='lat' dir='ltr'>prditum</span> <span class='ocrx_word' id='word_1_240' title='bbox 391 2885 523 2948; x_wconf 76' lang='lat' dir='ltr'>millibus,</span> <span class='ocrx_word' id='word_1_241' title='bbox 542 2885 701 2956; x_wconf 76' lang='lat' dir='ltr'>equitibusque</span> <span class='ocrx_word' id='word_1_242' title='bbox 719 2885 827 2942; x_wconf 78' lang='lat' dir='ltr'>ducentis</span> 
     </span>
    </p>
   </div>
   <div class='ocr_carea' id='block_1_4' title="bbox 0 0 1180 3967">
    <p class='ocr_par' dir='ltr' id='par_1_4' title="bbox 0 0 1180 3967">
     <span class='ocr_line' id='line_1_38' title="bbox 0 0 1180 3967; baseline 0 4"><span class='ocrx_word' id='word_1_243' title='bbox 0 0 1180 3967; x_wconf 95' lang='lat' dir='ltr'> </span> 
     </span>
    </p>
   </div>
  </div>
 </body>
</html>
