2350 3967
311 468 374 523 (td
432 468 460 522 Ji
493 466 683 519 FREINSH.
715 466 910 520 SUPPIAEM·⁴

327 557 443 629 pudendis
468 554 576 608 cladibus
600 557 755 620 affecerunt?
776 555 845 606 Aliis
869 554 959 606 deinde
976 553 1011 608 id

331 625 441 675 eamdem
452 622 599 674 sententiam
609 620 727 683 adiectis,
743 624 805 673 adeo
817 622 943 687 permovit
951 624 1009 672 ani-

329 708 402 749 mos,
420 704 447 739 ut
456 690 568 741 omnibus
578 688 765 741 assentientibus
774 689 849 739 etiam
859 689 988 741 Parmenio
999 705 1011 750 ,¹

331 756 374 827 qui
385 756 488 809 maxime
497 758 591 809 hellam
601 756 694 808 differri
703 758 833 816 voluerat,
848 757 952 808 maxime
961 775 1008 807 ac·

329 826 488 885 tolerandum
499 840 623 883 censeret,
639 826 755 889 ultroque
771 825 819 887 jam
834 825 1007 878 Alexandrum

330 893 479 945 hortaretur.
489 898 573 960 ltaque
583 890 651 942 omni
662 896 719 941 c‘ura
728 894 758 941 ad
768 894 935 943 maturandam
943 908 1007 957 pro..

331 960 466 1011 sectionem
476 976 596 1013 conversa
607 996 614 1017 ,
633 960 663 1009 ad
672 952 749 1010 Dium
758 959 909 1010 Macedonia
918 965 1007 1011 urbem

331 1028 392 1082 lovi
408 1028 529 1095 Olympio
545 1044 639 1079 sacrum
653 1027 731 1086 fecit,
747 1026 886 1079 institutum
902 1028 933 1077 ab
952 1032 1011 1079 Ar-

332 1096 436 1153 chelao,
457 1095 498 1161 qui
520 1110 579 1159 post
601 1093 747 1145 Perdiccam
769 1094 905 1145 Alexandri
925 1094 1009 1146 filiurn

330 1162 453 1229 regnavit.
465 1164 541 1213 Musis
557 1180 654 1228 quoque
662 1163 736 1213 ludos
747 1163 861 1213 scenicos
871 1162 947 1222 fecit,
960 1178 1008 1228 per

332 1247 424 1281 novem
433 1228 503 1289 dies,
518 1246 564 1295 pro
574 1246 677 1280 numero
686 1230 803 1281 Deorum.
812 1231 873 1279 Post
884 1230 933 1279 haec
945 1246 1012 1281 con-

331 1294 428 1350 vivium
440 1316 533 1349 summa
547 1296 729 1364 magnificentia
740 1298 887 1347 celebratum
899 1312 937 1347 est
948 1314 956 1359 3
970 1312 1010 1349 ta·

332 1366 482 1426 bernacnlo,
501 1364 569 1431 quod
589 1380 686 1415 centum
700 1365 780 1415 lectos
797 1378 913 1429 caperet,
931 1366 1010 1415 ador·

330 1449 401 1485 nato.
418 1432 530 1484 lbi'cum
544 1432 631 1483 amicis
647 1431 814 1497 ducibusque,
831 1446 856 1482 et
874 1430 1007 1483 civitatum
1051 1438 1067 1465 ⁸

331 1499 420 1567 legatis
435 1499 558 1551 accubuit.
576 1501 623 1549 Per
633 1498 767 1549 exercitum
780 1516 877 1564 quoque
891 1497 1017 1550 victimas*

330 1567 413 1619 dividi
427 1568 512 1630 jussit,
529 1566 623 1631 aliaque
638 1564 756 1631 praberl,
773 1566 1008 1630 quibus'destiuatns

332 1634 451 1686 hilaritati
462 1634 513 1685 dies
529 1632 626 1683 festivis
634 1630 731 1699 epulis,
750 1646 777 1685 et
791 1634 876 1685 faustis
891 1632 1014 1686 instantis

332 1702 394 1755 belli
410 1702 533 1751 ominibus
549 1700 737 1766 tranaigeretui.

367 1774 435 1821 CAP.
445 1772 490 1821 Ill.
503 1771 568 1817 Vere
578 1784 646 1836 novo
661 1765 795 1817 contractis
804 1766 910 1835 undique
926 1768 1015 1833 copiis·

333 1834 360 1886 in
368 1836 454 1887 Asiam
466 1834 609 1896 transjecit3
628 1834 759 1885 exercitum
775 1836 865 1885 robore
874 1852 944 1900 quam
958 1852 1011 1887 nn-

332 1922 402 1955 mero
415 1902 564 1955 validiorem
581 1904 683 1954 ducens.
698 1900 811 1968 Triginta·
821 1902 932 1967 peditum
947 1904 1013 1954 mil-

332 1970 503 2023 liaParrnenio
520 1971 641 2021 ducebat:
652 1986 755 2036 quoram
765 1970 912 2021 Macedones
925 1973 1012 2022 trede-

333 2038 384 2091 cim
402 2040 578 2103 expleverant3
597 2037 706 2102 quinque
720 2052 791 2087 erant
809 2039 920 2087 mercede
938 2038 1013 2089 mili.

334 2104 459 2163 tantium't
483 2118 589 2156 ceteram
606 2104 868 2169 multitudinem-socii
883 2106 1010 2157 faederati·

334 2189 380 2239 qne
397 2171 529 2236 miserante
540 2174 592 2222 Has
607 2172 693 2237 copias
709 2169 789 2241 Illyrii
805 2174 958 2238 Thracesque
981 2189 1021 2226 et·

333 2240 453 2298 Triballi,
471 2240 503 2289 'ad
517 2236 622 2305 quinque
637 2240 764 2290 hominum
780 2238 858 2289 millia
873 2242 1012 2306 sequeban-

333 2323 393 2367 tur3
409 2306 499 2358 additis
513 2306 582 2357 mille
596 2307 919 2375 Agrianornm'sagittariis.
934 2308 1012 2373 Equi-

333 2391 411 2427 tatum
428 2376 592 2425 Macedonum
607 2374 677 2425 mille
687 2373 884 2441 octingentorum
893 2375 1010 2431 Philotas

334 2444 456 2503 ducebam
475 2452 501 2494 et
510 2442 616 2493 totidem
630 2460 660 2493 ex
668 2441 792 2493 Thessalia
808 2444 882 2493 Calas
894 2458 902 2495 t
912 2460 933 2491 a
947 2442 1012 2494 reli-

333 2528 380 2577 qua
396 2510 490 2563 Graecia
506 2511 615 2561 sexcenti
631 2510 732 2561 ornnino
749 2509 843 2575 equites
860 2524 980 2562 venerunt
997 2549 1009 2571 ‚

333 2579 420 2645 quibus
434 2577 561 2645 Erigyium
575 2579 709 2642 preposuit
718 2596 726 2629 r
735 2592 821 2643 agmen
832 2579 937 2629 ducebat
947 2581 1012 2629 Cas-

332 2648 419 2699 sander
435 2649 492 2695 'etlrn
508 2643 778 2709 nongentis'Thracnm'
800 2660 873 2710 atque
891 2646 1018 2697 Paonorn.

328 2712 541 2771 ‚antecursoribun
552 2715 624 2762 Hunc
635 2712 784 2776 exercitum,
801 2724 852 2762 non
862 2712 925 2763 nitra
934 2730 1018 2779 quam.

333 2780 359 2829 in
367 2779 468 2845 triginta
483 2780 535 2829 dies
550 2780 654 2843 proviso
669 2786 822 2839 commeatts,
841 2779 942 2830 infinitis
953 2780 1017 2830 hat.

335 2848 448 2903 berorum
463 2846 543 2911 copiis
552 2861 678 2911 opponere
693 2862 743 2916 non
758 2846 902 2907 dubitavite
912 2845 1010 2900 virente

332 2930 431 2968 storum
443 2919 537 2977 fretus,
552 2914 729 2983 quiulncendo
741 2912 901 2982 consolanti,
913 2915 1016 2979 rotare
