2350 3967
349 458 411 533 '452'
532 449 579 534 Q}
617 450 644 515 C
662 446 695 515 U
715 448 742 513 R
761 447 791 513 T
811 451 863 517 11

350 552 435 619 tulnti
454 571 485 615 re
495 550 661 615 Alexandro
673 552 769 623 dixit,
790 548 863 630 quod
880 546 1033 617 saltentt‘tr

349 634 433 697 India
446 634 594 711 repetisset
610 631 724 711 dignum
737 629 852 693 talentis
864 630 1031 697 utile-Rex

349 713 423 776 haud
434 713 539 785 oblitus
548 735 636 791 quam
648 734 720 795 aegte
730 712 860 781 tulisset,
876 713 956 789 qnod
968 711 1033 773 Cli-

349 810 412 865 tum
433 798 472 855 ob
493 795 597 877 linguae
627 792 818 853 temeritatem
843 791 1031 862 occidisset,

348 872 424 938 iram
434 875 549 953 quidem
560 874 670 941 tenuit,
682 872 729 931 sed
741 872 832 939 dixit,
849 868 966 932 inuidos
977 869 1031 931 lto-

351 954 442 1015 mines
454 952 527 1013 nint
537 950 636 1022 aliud,
655 972 735 1031 quant
747 950 867 1032 ipsorum
887 970 951 1011 esse
968 968 1037 1013 tot«

351 1052 455 1096 menta.

393 1114 472 1175 Cer.
485 1111 588 1172 XIII.
606 1110 724 1173 Postero
740 1108 785 1171 die
800 1108 888 1191 legati
902 1106 1039 1173 Abisarae

352 1194 448 1257 adiere
465 1212 573 1273 regem.
598 1188 702 1253 Omnia
717 1188 818 1249 ditioni
837 1190 919 1268 ejus,
943 1190 985 1251 ita
1002 1206 1034 1251 ut

352 1274 519 1336 mandatum
534 1290 611 1339 etat,
627 1268 845 1350 permittebant:
859 1268 1032 1347 uetustaque

353 1354 480 1417 invicem
490 1352 544 1411 fide
557 1350 736 1411 remittuntur
747 1349 780 1409 ad
793 1370 904 1429 regem.
920 1350 1034 1411 Potum

353 1454 469 1513 quoque
483 1431 607 1492 nominis
621 1432 661 1491 sui
672 1431 749 1491 fama
763 1450 839 1489 ratus
854 1430 890 1489 ad
905 1430 1033 1497 deditio-

349 1534 423 1575 nem
440 1531 520 1589 posse
535 1508 693 1586 compelli,
715 1509 791 1570 misit
804 1509 837 1567 ad
852 1529 921 1569 eum
936 1510 1031 1571 Cleo·

351 1593 459 1655 cheren
470 1632 481 1659 ,
500 1592 549 1668 qui
560 1588 737 1649 denuntiaret
747 1589 796 1657 ei,
816 1605 846 1647 ttt
857 1588 1032 1667 stipendium

348 1669 505 1751 penderet,
527 1687 553 1728 et
565 1667 594 1727 ln
608 1668 698 1746 primo
706 1664 810 1747 finium
827 1686 939 1730 suorum
952 1668 1032 1728 aditu

352 1766 512 1809 recurreret
527 1746 599 1827 regi.
614 1746 703 1807 Porus
720 1744 835 1805 alterum
848 1767 885 1806 ex
901 1744 951 1805 tis
961 1747 1032 1825 fac-

352 1843 442 1887 tutum
459 1847 521 1887 sese
539 1826 707 1903 respondi13
728 1843 758 1885 ut
776 1823 893 1885 intranti
915 1845 1032 1905 regnunt

353 1925 432 1969 rtrum
442 1923 541 1985 ptaesto
554 1923 650 1975 esset,
670 1902 720 1965 scd
731 1923 864 1966 nituntur.
882 1904 953 1972 Jam
967 1905 1034 1985 Hy·
1086 1948 1087 1960 ,

352 1987 456 2065 daspen
487 1986 650 2045 Alexander
678 2004 807 2061 superate
834 1985 1036 2059 decreveram

351 2088 420 2129 cum
435 2067 585 2125 Barzentes
599 2064 765 2126 defectionis
780 2064 947 2125 Arachosiis
965 2088 1035 2127 auc·

352 2163 400 2207 tot
419 2145 554 2212 vlnctus,
582 2145 752 2225 trigintaque
773 2144 919 2221 elephanti
944 2146 1032 2207 simul
1085 2150 1086 2175 ³

291 2256 294 2262 =
338 2226 429 2301 ,capti
452 2224 662 2299 perducuntur,
678 2242 871 2301 opportunum
898 2225 1032 2287 adversus

350 2302 437 2364 Indos
455 2303 620 2362 auxilium:
642 2306 744 2381 quippe
764 2305 827 2383 plus
847 2305 875 2363 in
898 2304 1030 2385 belluis,

350 2404 437 2461 quam
452 2384 481 2443 itt
496 2383 622 2441 exercitu
638 2384 696 2457 spei
713 2404 746 2443 ac
763 2384 865 2445 vitium
883 2378 941 2443 illis
958 2401 1031 2449 etat.

350 2462 554 2538 Gamaxusque
571 2482 622 2521 rex
635 2462 743 2541 exiguae
761 2464 847 2538 partis
865 2466 1026 2532 Indorum,

348 2545 400 2621 qui
416 2541 545 2605 Batnenti
559 2560 588 2598 se
605 2542 818 2619 conjunxerat,
843 2543 958 2605 vinctus
976 2544 1027 2603 ad·

347 2624 446 2685 ductus
464 2640 516 2683 est.
542 2620 555 2679 I
578 2621 632 2679 'tur
653 2622 795 2700 transfuga
818 2642 846 2681 et
871 2625 978 2702 regulo·
995 2623 1025 2682 in

344 2704 528 2784 putredinum,
548 2640 706 2777 elephantis
727 2722 824 2761 autem
842 2702 944 2763 Taxili
967 2720 1025 2762 tta-

341 2781 431 2856 ditis,
455 2780 490 2844 ad
510 2797 628 2841 amnem
649 2780 799 2857 Hydaspen
819 2782 953 2857 pervenit
971 2804 980 2843 t
995 2782 1025 2841 itt

339 2860 567 2941 wimnltetiote
577 2858 639 2939 ripa
648 2858 737 2925 Porus
746 2860 918 2927 consederat
925 2880 1024 2940 ,tisun
