2350 3967
394 479 449 538 134
569 453 612 534 Q.
648 451 892 517 CURTII

388 574 453 618 sent
470 553 574 616 milites
586 554 673 624 noui,
691 576 757 634 quos
771 575 811 614 ex
825 551 1006 614 Macedonia
1019 551 1069 616 ad·

388 653 502 700 uenture
528 597 698 694 constabat
684 677 696 708 ‚
716 635 873 695 Parmenio
897 654 955 693 nan
981 633 1069 694 adium

390 713 942 806 iocumprndioaptioremessecensebat.
1013 713 1068 794 'pm

388 794 453 856 iilic
466 795 609 874 utriusque
625 793 702 883 regis
719 812 814 873 capsas
825 811 936 852 numera
970 811 1067 852 ututur

385 895 490 958 paras,
511 894 571 932 cum
583 872 733 962 angustia
733 859 936 932 multitudinem
950 892 1010 931 nan
1023 892 1068 931 ca·

387 971 494 1034 petent.
510 949 688 1012 Planisium
673 949 749 1041 ipsis
761 971 821 1012 casn
832 969 924 1040 osque
933 971 1001 1010 esse
1019 950 1064 1011 ui-

387 1031 514 1123 tendas,
537 1030 582 1090 ubi
605 1030 767 1099 circumiri,
827 1030 837 1089 i
860 1028 991 1119 ancipiti
1005 1031 1067 1090 acie
1096 1037 1101 1052 ·

390 1111 504 1202 opprimi
524 1127 648 1190 possent
673 1107 804 1178 Timere,
826 1129 861 1169 ne
877 1129 936 1168 uon
961 1107 1064 1168 uirtute

386 1188 529 1260 hostium,
556 1187 606 1249 sed
622 1186 788 1248 lassitudine
804 1207 856 1248 sua
874 1188 1065 1250 vincerentur.

389 1266 494 1330 Persas
515 1288 642 1330 recentes
662 1266 779 1327 subinde
800 1285 1007 1337 successuras,
1038 1265 1065 1326 si

389 1347 485 1410 laxius
507 1367 581 1412 stare
602 1347 767 1426 patuissent.
791 1345 888 1407 Facile
907 1347 983 1407 ratio
1003 1367 1064 1408 tam

385 1429 505 1490 salubris
520 1427 636 1562 eonsliiii
653 1444 770 1503 accepta
789 1443 840 1488 est.
865 1426 998 1515 Itaque
986 1445 1064 1486 tutet

383 1507 536 1590 angustias
558 1503 649 1566 saltus
673 1503 780 1564 itastem
807 1525 839 1585 ap
857 1504 922 1564 eriri
953 1507 1065 1568 statuit.

383 1581 474 1646 Erat
466 1608 496 1646 ιιι
507 1602 631 1646 exercitu
640 1605 669 1644 se
691 1585 712 1643 is
724 1525 951 1645 Sisinesierses·
942 1605 1062 1662 ··qu0n

388 1666 456 1726 darn
475 1687 492 1725 a
508 1682 627 1742 praetore
680 1664 786 1754 gypsi
779 1663 876 1723 missus
895 1664 930 1724 ad
949 1663 1063 1742 Philip·

386 1765 480 1822 pum,
503 1743 638 1819 donisque
654 1763 688 1803 et
708 1763 788 1802 omns
780 1742 917 1803 honore
937 1745 1060 1814 cultus,

384 1823 509 1884 exilium
532 1823 622 1900 patria
649 1821 712 1882 sede
738 1840 926 1884 mutaverat·
949 1842 1061 1885 seeums

379 1903 508 1967 ,deinde
500 1923 530 1962 ιιι
541 1902 639 1962 Asiam
650 1901 885 1970 Alexandrums
876 1919 952 1961 rnter
960 1902 1059 1964 fideles

383 2005 482 2044 noeros
492 1981 656 2042 habebatur
667 1980 745 2040 Huic
755 1980 905 2057 epistolam
915 1980 1059 2044 Cretensis

386 2063 494 2129 -rniies,
513 2061 691 2141 obsignatam
701 2062 829 2128 annulo,
847 2061 926 2138 cujus
944 2061 1059 2143 signum

378 2139 461 2214 ¹haud
475 2159 541 2200 sane
556 2157 658 2198 notum
673 2158 753 2207 erat,
767 2139 892 2200 tradidit.
908 2139 1057 2203 Nabarza-

385 2239 438 2280 nes
448 2236 549 2296 praetor
558 2217 642 2277 Darii
650 2219 764 2278 miserat
774 2237 839 2278 eam
850 2259 859 2288 ‚
874 2218 1055 2281 hortabatur·

382 2319 441 2376 que
451 2298 592 2369 Srsmem
607 2314 636 2354 ut
646 2294 759 2376 dignum
769 2295 807 2356 ai
809 2296 874 2375 utd
879 2297 1053 2370 nobilitate,

384 2397 420 2436 ac
430 2375 553 2437 maribus
564 2375 624 2435 suis
640 2374 763 2436 ederet.-
756 2395 881 2456 magno
897 2376 967 2436 id
939 2397 966 2436 et
985 2380 1055 2460 apud

374 2476 478 2550 „regern
489 2453 665 2530 honorisne.
681 2455 742 2514 Has
760 2456 853 2515 literas
867 2455 991 2528 Sisines,
1010 2476 1055 2519 ur·

377 2555 454 2618 pote
470 2535 624 2626 innoxius,
644 2534 678 2594 ad
696 2534 893 2595 Alexandrum
913 2557 985 2614 saepe
1002 2537 1052 2599 de-

371 2605 457 2682 ‚ferre
470 2616 613 2676 tentavit·
604 2613 673 2673 ·sed
683 2634 749 2673 cum
763 2615 888 2675 totcuris
901 2635 1052 2694 apparatu·

385 2713 440 2770 que
466 2695 533 2754 belii
557 2713 655 2772 regem
679 2691 785 2753 videret
811 2695 904 2776 urgeri
919 2737 935 2787 ³.
956 2698 1053 2788 'aptius

381 2772 499 2834 subinde
524 2791 636 2849 tempus
659 2789 835 2847 expectans,
859 2775 1052 2852 suspicionem

383 2849 447 2914 initi
478 2853 587 2914 scelesti
615 2851 730 2912 consilii
756 2854 883 2930 prabuit.
916 2854 1053 2935 Namque
