2350 3967
354 434 413 503 us
513 420 574 509 o:
610 420 782 497 cunr
800 421 851 501 rr

352 530 453 611 procul
470 528 642 608 stupentibus
661 526 761 589 ceteris
775 550 784 589 t
798 528 849 589 ille
866 542 922 597 ut,
942 544 1031 593 anses

351 632 436 687 quum
450 610 567 671 ultimus
584 608 694 687 spiritus
709 606 864 677 deficeret,
884 606 1030 670 dimicant

350 691 409 767 jam
419 690 653 777 extinguegetun
671 687 815 764 clypeose
827 688 959 749 allevare
975 710 1031 750 eo-

350 786 493 828 natusest
513 790 522 836 ι,
543 786 573 827 et
591 783 742 845 postquam
763 766 798 826 ad
816 767 1030 828 connitendum

350 846 424 907 nihil
433 864 575 925 supererat
584 846 705 912 virium,
719 844 816 906 dextra
827 846 1028 923 impendentes

350 947 448 987 ramos
466 928 633 1005 complexus
650 926 776 985 tentabat
794 945 955 1004 assurgere.
971 926 1027 985 Sed

349 1020 390 1066 tre
402 1006 443 1066 sic
456 1005 571 1082 quidem
586 1020 689 1081 potens
705 1004 859 1080 eorporis,
879 1024 976 1065 rursus
996 1006 1027 1065 in

351 1085 634 1165 genuaproeumbitp
643 1102 729 1143 manu
739 1102 900 1156 provocans
910 1083 1021 1152 hostes,

353 1163 446 1240 siquis
453 1165 587 1244 congredi
598 1163 723 1225 auderet.-
734 1161 866 1221 Tandem
875 1160 1027 1223 Peucestes

351 1259 405 1321 per
419 1242 506 1303 aliam
518 1243 614 1321 oppidi
628 1256 737 1320 partem
748 1241 899 1301 deturbatis
915 1262 1024 1319 propu-

350 1321 515 1401 gnatoribus
534 1322 609 1383 muri
628 1321 745 1399 vestigia
767 1338 939 1397 persequens
962 1320 1022 1401 regi

350 1401 521 1478 supervenit.
539 1401 610 1479 Quo
622 1417 776 1476 conspecto
786 1400 954 1459 Alexander
966 1400 1023 1477 jam

350 1480 575 1549 uomitusue,
596 1479 642 1540 sed
656 1479 755 1539 mortis
770 1478 904 1538 solatium
920 1498 1021 1555 super·

339 1558 461 1622 ¹venisse
471 1578 565 1627 tutus,
579 1559 681 1636 clypeo
692 1557 841 1639 fatigatum
851 1577 958 1633 corpus
968 1576 1021 1619 ex.-

351 1637 439 1713 cepit.
457 1637 537 1697 Subit
552 1637 617 1697 inde
635 1636 760 1701 Timaeus
777 1659 786 1697 τ
805 1653 834 1694 er
849 1640 940 1711 paulo
959 1655 1021 1713 post

349 1714 514 1775 Leonnatus
524 1740 534 1776 t
544 1714 611 1778 huic
620 1714 768 1777 Aristonus
777 1716 951 1791 superuenit.
960 1714 1023 1775 {ndi

349 1814 462 1871 quoque
472 1815 539 1855 curn
551 1795 624 1856 intra
636 1794 739 1855 moenia
756 1812 854 1873 regem
865 1813 925 1853 esse
937 1816 1021 1855 com-

345 1873 502 1950 perissent,
523 1874 634 1933 omissis
651 1872 749 1933 ceteris
769 1874 840 1931 illuc
861 1894 1021 1935 concurre-

344 1968 411 2010 runt
423 1994 433 2019 ,
456 1955 648 2032 urgebantque
659 1970 848 2031 protege-ntes.
862 1952 906 2011 Ex
918 1954 1021 2029 quibus

339 2028 470 2096 (Timent
481 2031 578 2091 multis
593 2032 709 2091 adverso
719 2048 839 2107 corpore
853 2032 1021 2093 vulneribus

267 2144 272 2155 ·
344 2110 469 2181 acceptis
487 2110 656 2188 egregiaque
677 2109 750 2169 edita
772 2128 867 2185 pugna
893 2112 1019 2171 cecidit:

339 2182 494 2245 ‘Peucestes
513 2210 626 2264 quoque
645 2188 731 2249 tubus
750 2186 850 2261 jaculis
871 2188 1020 2250 confossus

343 2284 406 2323 non
419 2284 448 2324 se
464 2282 559 2325 tamen
570 2285 650 2328 scuto
662 2309 671 2335 ,
688 2266 734 2327 sed
748 2282 849 2347 regem
865 2269 1018 2330 tuebatur:

339 2339 508 2404 Leonnatus
517 2344 585 2405 dum
596 2346 676 2408 avide
687 2358 797 2405 ruentes
806 2347 941 2427 barbaros
951 2349 1019 2407 sub·

344 2442 470 2491 movet,
494 2424 605 2485 cervice
623 2424 745 2505 graviter
764 2424 820 2483 icta
839 2426 1017 2487 semianimis

343 2504 495 2578 procubuit
502 2521 567 2563 ante
574 2504 748 2583 regispedes.
756 2504 822 2569 Jam
831 2504 1016 2566 ttPeucestus

344 2582 507 2642 vulneribus
521 2582 651 2664 fatigatus
668 2584 833 2643 submiserat
853 2586 1012 2661 clypeum:

340 2656 375 2740 in
385 2662 523 2721 Aristono
535 2683 596 2739 spes
610 2662 709 2723 ultima
722 2660 856 2723 haerebat.
867 2662 925 2723 Hic
938 2684 1013 2740 quo-

341 2757 399 2812 que
415 2742 538 2819 graviter
556 2741 664 2802 saucius
681 2759 789 2801 tantam
806 2742 870 2801 vim
887 2741 1013 2803 hostium

337 2815 416 2879 ultra
434 2820 568 2884 sustinere
583 2840 644 2885 non
663 2836 786 2899 poteret.
807 2820 1013 2886 interimenti
