2350 3967
343 504 407 578 '39⁰
506 487 854 572 ·1Q.CURT11
1090 567 1091 576 ἦ

344 591 528 659 vexationem
540 589 660 654 invalidi
674 588 803 670 corporis
812 588 873 670 pati
885 610 948 653 non
962 608 1027 672 po-
1090 591 1091 594 ’

343 689 433 744 terat,
449 693 500 752 per
513 693 596 733 cxxx
615 689 712 732 tamen
728 670 814 731 stadia
825 671 938 749 insequi
955 691 1028 748 pet-
1090 725 1091 756 p

341 755 493 816 sevocavit.
514 752 640 830 Jamque
664 751 810 828 linquente
834 752 936 811 auimo
964 753 1026 814 suis
1090 757 1091 784 l

341 834 473 913 precepit
484 873 495 903 ,
510 849 540 892 ut
548 829 635 891 donec
646 827 831 908 lueisaliquid
839 849 1026 910 superesset,

336 910 608 992 fugientiumtergis
617 909 864 988 inhaererenteipse
872 909 1024 974 exhaustis

342 994 431 1054 etiam
442 991 531 1052 animi
542 987 669 1059 vitibus,
689 989 720 1048 in
733 1006 822 1050 castm
839 1011 868 1050 se
888 991 1024 1068 recepit,

343 1069 485 1149 reliquum
499 1069 631 1132 substitit.
653 1068 838 1130 Tiansierant
850 1069 910 1148 jam
921 1067 1024 1132 Libeni

343 1151 429 1230 patris
450 1150 607 1221 terminos;
627 1169 749 1226 quorum
766 1167 957 1210 monumenta
973 1153 1023 1211 la-

344 1231 512 1310 pideserant
523 1229 625 1290 crebris
635 1227 791 1291 intervallis
805 1229 953 1306 dispositi,
973 1251 1025 1290 ar·

345 1314 483 1388 boresque
492 1329 638 1388 procerae,
659 1329 777 1386 quarum
789 1309 895 1386 stipites
913 1307 1022 1376 hedera

344 1409 521 1452 contexerat.
529 1389 583 1448 Sed
593 1387 766 1449 Macedonas
774 1388 815 1450 ira
823 1389 1022 1480 longiuspro-

345 1470 450 1532 uenit:
470 1469 574 1548 quippe
591 1469 684 1528 media
698 1467 756 1527 fere
775 1485 860 1528 nocte
879 1487 910 1527 in
927 1487 1021 1530 castra

344 1551 504 1618 redierunt,
516 1548 613 1608 multis
625 1547 796 1618 interfectis,
807 1547 934 1626 pluribus
948 1569 1018 1627 cap·

269 1656 278 1663 ⁷
345 1630 402 1698 tis,
416 1647 558 1707 equosque
573 1647 678 1688 uinccc
694 1631 825 1706 abegere.
840 1625 1021 1689 Ceciderunt

345 1726 442 1769 autem
457 1707 653 1768 :Macedonum
670 1709 777 1786 equites
793 1727 851 1778 ux,
873 1709 1019 1786 peditesc

343 1788 426 1857 fere,
445 1788 526 1847 mille
543 1787 632 1848 saucii
645 1787 767 1848 fuerunt.
782 1787 853 1849 Haec
868 1789 1016 1865 expeditio

343 1866 523 1929 deficientem
540 1887 645 1948 magna
665 1884 795 1945 exparte
813 1869 914 1930 Asiam
938 1869 1017 1928 fama

341 1964 401 2007 tam
417 1964 581 2026 opportunae
603 1947 730 2008 victoriae
745 1948 865 2008 domuit.
887 1947 1016 2008 inuictos

340 2027 378 2087 Sc
397 2027 459 2087 thas
483 2047 542 2088 esse
562 2025 764 2101 eredideraut3
794 2025 892 2104 quibus
906 2027 1016 2103 fractis

339 2047 444 2165 iniiam
465 2122 578 2183 gentem
600 2103 787 2166 Macedonum
811 2105 898 2171 armis
919 2127 1015 2186 parem

334 2181 402 2260 fore
413 2183 633 2248 confitebantur.
649 2185 745 2262 ltaque
760 2186 836 2246 Sacae
849 2184 954 2246 misire
975 2188 1014 2247 le·

378 2279 443 2332 tos,
465 2264 514 2341 qui
532 2265 736 2339 pollicerentur
751 2281 862 2345 gentem
882 2265 1013 2325 tundata

334 2281 489 2420 ficturum.
512 2343 648 2405 Moverat
673 2365 723 2405 eos
745 2345 816 2425 regis
840 2365 901 2404 non
924 2347 1011 2407 virtus

341 2422 454 2504 magis,
479 2443 565 2500 quum
580 2424 732 2483 clementia
749 2425 779 2482 in
796 2423 923 2486 deuictos
944 2426 1012 2502 Scy·

341 2502 405 2562 thas
426 2505 555 2580 :quippe
574 2505 702 2580 captivos
721 2523 821 2564 omnes
841 2503 903 2565 sine
919 2505 1010 2583 pretio

341 2582 486 2642 remiserat
499 2602 509 2654 ς
525 2598 558 2642 ut
571 2581 658 2643 fidem
673 2583 778 2643 faceret
788 2583 840 2642 sibi
849 2605 925 2644 cum·
934 2585 1009 2646 fero·

341 2660 461 2720 cissimis
470 2661 599 2740 gentium
611 2663 645 2722 de
655 2661 838 2731 fortitudine,
853 2683 914 2724 non
926 2665 962 2724 de
972 2665 1010 2723 ira

340 2737 426 2798 fuisse
448 2758 604 2803 certamen.
628 2741 754 2822 Benigne
779 2743 865 2822 igitur
889 2743 1009 2821 exceptis
1090 2803 1091 2818 ¹

340 2815 476 2878 Sacarum
485 2819 605 2960 legatis,
626 2823 762 2882 comitem
776 2813 1013 2898 Excipiuumdee
1090 2833 1091 2872 l

338 2895 405 2968 dit,
424 2898 510 2961 admo
530 2921 580 2961 um
596 2899 731 2980 juvenem
747 2901 834 2964 aetatis
850 2900 926 2966 flore
940 2921 1010 2967 cou⁴
1090 2901 1091 2956 l
