2350 3967
322 465 381 528 416
474 448 545 534 Q
582 453 831 519 CURTH

324 558 504 618 obverterent
523 576 667 634 corpora,
691 577 758 618 tum
773 555 906 636 undique
928 572 1012 621 retu·

324 635 436 715 pesteris
447 636 585 698 violentia
596 637 713 714 major,
734 658 821 714 quam
835 639 1009 709 vitabatur,

325 733 496 778 occurreret.
504 715 583 796 Ergo
589 715 732 776 ordinibus
739 715 840 778 solutis
847 738 902 794 per
908 734 1008 778 toturn

325 796 429 856 saltum
440 796 628 857 errabundum
639 815 743 879 agmen
752 795 919 870 ferebaturs
931 798 1011 857 mul·

324 875 402 952 tique
413 875 598 953 primatem,
618 896 705 952 quam
722 875 821 936 labore
833 876 1008 957 defatigatis

323 971 534 1032 prostraverant
556 952 638 1016 humi
660 975 810 1032 corpora,
836 976 1009 1034 quanquam

324 1036 449 1094 imbrem
461 1034 504 1094 uis
517 1034 629 1115 frigoris
641 1051 778 1095 concreto
794 1035 865 1116 gelu
882 1036 1008 1097 adstrin-

324 1129 415 1176 xerat.
430 1113 489 1174 ntii
505 1134 535 1174 se
553 1113 690 1191 stipitibus
706 1116 843 1176 arborum
861 1115 1008 1176 admove-
1083 1182 1088 1193 ,

325 1209 400 1254 rant.
420 1193 451 1252 ld
461 1193 591 1272 plurimis
604 1210 633 1254 er
648 1193 856 1256 adminiculum
868 1214 901 1255 et
919 1194 1008 1256 suffir-
1081 1214 1088 1263 ε

327 1272 409 1353 gium
418 1292 488 1336 eran
502 1273 566 1334 Nec
577 1273 693 1334 fallebar
703 1275 778 1353 ipsos
793 1275 886 1334 morti
904 1275 1006 1336 locum

327 1355 455 1434 eligere,
474 1373 541 1413 curn
558 1353 721 1416 immobiles
739 1352 834 1414 vitalis
847 1355 933 1414 calor
948 1355 1008 1413 lin·

328 1448 427 1510 queret
440 1454 450 1492 r
463 1431 511 1493 sed
530 1449 609 1514 grata
628 1449 688 1493 erat
708 1432 822 1514 pigritia
844 1453 1006 1511 corporum

326 1505 472 1590 farsparisr
495 1531 549 1571 nec
568 1513 734 1574 recusabant
754 1512 888 1592 extingui
909 1513 1006 1590 quies*

326 1593 432 1652 cendo.
445 1588 561 1668 Quippe
574 1611 635 1652 non
651 1591 805 1653 vehemens
821 1591 918 1654 modo
930 1630 942 1660 ,-
959 1589 1006 1652 sed

327 1670 417 1732 etiam
431 1669 560 1746 pertinax
569 1671 611 1732 ris
622 1671 693 1732 mali
705 1671 873 1745 insistebata
888 1673 1006 1733 lucem·

327 1769 384 1825 que
398 1748 526 1815 naturale
536 1749 674 1811 solarium
687 1766 785 1828 preter
800 1767 1008 1828 tempestatem

329 1827 549 1904 dauddisparem
559 1828 657 1900 nocti,
669 1831 802 1892 silvarum
812 1851 933 1909 quoque
941 1851 1009 1892 um·

327 1910 379 1969 bra
394 1924 594 1986 suppresserat.
607 1907 671 1972 Rex
687 1930 759 1973 unus
774 1909 845 1970 tanti
863 1909 937 1972 mali
954 1929 1008 1988 pa·

328 1988 401 2050 tiens
412 1988 561 2049 circumire
572 1989 677 2050 milites
690 2029 699 2060 ‚
714 1988 885 2052 conrmhere
896 1989 1009 2068 disper·
1096 1995 1097 2000 ’

327 2089 374 2128 sos
385 2105 395 2134 ,
410 2067 534 2127 allevare
544 2087 698 2144 prostratos
710 2065 726 2138 ,Δ
740 2069 890 2130 ostendere
901 2066 1007 2160 procul

327 2146 477 2209 evolutum
495 2166 532 2206 ex
547 2148 665 2226 tuguriis
677 2150 789 2209 fumum
803 2187 814 2220 ,
838 2148 1008 2226 hortarique
1096 2167 1097 2176 ³

327 2243 359 2282 ur
381 2223 508 2302 proxima
535 2245 646 2317 quaque
671 2223 794 2307 tuffirgiu
822 2243 1006 2308 occuparent.

326 2301 461 2363 Nerulla
471 2323 514 2364 res
530 2325 621 2384 magrs
635 2308 717 2368 saluti
732 2307 807 2376 fuit,
825 2328 915 2385 quarn
928 2305 1007 2384 quod

327 2381 519 2460 multiplicato
545 2386 644 2446 labore
669 2383 858 2447 sufficientem
884 2387 972 2447 malis
995 2423 1007 2455 ‚

328 2462 431 2541 quibus
440 2462 493 2540 ipsi
501 2482 661 2536 cesserant,
681 2485 710 2526 re
731 2485 778 2526 em
794 2465 926 2528 deserere
941 2487 1008 2526 eru-
1096 2501 1097 2518 1

329 2544 491 2603 bescebant.
515 2541 652 2605 Ceterum
671 2565 686 2606 e
719 2545 814 2606 cacior
831 2546 863 2605 in
883 2545 1007 2606 adversis

330 2622 498 2689 necessitas,
512 2643 597 2698 quam
610 2624 703 2692 ratio,
720 2623 833 2706 frigoris
844 2624 1006 2686 remedium

329 2701 449 2762 invenit.
468 2700 604 2762 Dolabris
620 2703 697 2764 enim
709 2703 792 2766 silvas
808 2720 937 2766 sternere
954 2724 1007 2784 ag·

315 2779 435 2860 gressi,
453 2781 554 2855 passim
573 2801 690 2844 acervos
705 2799 847 2859 struesque
861 2784 1006 2846 accende·

328 2875 403 2922 runt.
416 2856 586 2933 Continenti
604 2859 738 2926 incendio
756 2863 855 2926 ardere
875 2863 1006 2927 crederes
1051 2865 1054 2870 '
