2350 3967
334 467 394 531 '432
513 447 557 534 Q.
596 455 623 521 C
642 455 676 520 U
694 453 720 518 R
740 453 770 518 Τ
789 455 840 518 11

334 553 431 617 catius
445 572 477 616 se
487 553 516 616 in
528 555 676 618 uenatione
689 556 857 636 gestisset3
874 571 1023 636 morep1³

334 635 404 705 trio,
414 653 441 696 et
451 633 485 695 ab
493 635 699 716 antiquissimis
706 634 888 697 Macedonio
899 635 1017 717 regibus

334 731 551 796 usurpato‚eum
560 714 694 795 castigari
697 715 783 794 jussi.
793 713 858 776 Hoc
868 733 897 776 et
905 731 1016 796 oportet

323 790 418 874 fieti,
440 809 469 856 et
485 811 516 854 ut
531 815 550 856 a
566 795 705 856 tutoribus
717 792 839 874 popilii,
862 815 880 854 n
900 793 1015 855 maritis

333 889 458 946 uxores,
473 874 564 936 ternis
581 891 682 953 quoque
695 891 797 952 pueros
810 871 899 953 hujus
918 873 1015 936 aetatis

332 952 480 1016 verietate
494 952 681 1016 concedimus.
698 951 769 1013 Hac
790 971 832 1012 est
849 953 967 1014 sonitia
984 952 1014 1013 in

331 1029 344 1091 i
362 1052 422 1093 sum
431 1053 508 1102 mea,
524 1053 604 1112 quam
615 1031 700 1112 impia
711 1029 886 1092 tadeooluit
897 1031 1014 1096 uicisti.

330 1050 412 1173 iiam
430 1113 461 1174 in
478 1129 602 1182 eeteros,
626 1110 671 1190 qui
692 1109 761 1172 mihi
779 1111 949 1191 permittunt
972 1112 1013 1171 uti

331 1189 448 1271 ingenio
457 1211 535 1260 meo,
555 1206 634 1271 quam
647 1190 725 1252 mitis
736 1189 790 1250 sim
799 1231 811 1260 ,
820 1207 884 1250 'non
896 1191 1012 1272 ignora·

329 1271 398 1343 tis;
413 1290 441 1331 et
450 1285 930 1350 commemoraresuperuacuum‘est.
941 1270 1013 1347 Het-

333 1349 423 1411 molao
435 1349 637 1432 patricidarum
651 1347 788 1429 supplicia
806 1367 862 1408 non
872 1350 988 1430 probari
999 1389 1010 1418 ,

334 1449 396 1490 cum
413 1431 507 1491 eadem
525 1431 584 1511 ipse
599 1428 748 1497 meruerit,
765 1428 883 1488 minime
899 1428 1009 1490 nercule

333 1508 468 1574 admiror.
488 1510 566 1571 Nam
582 1527 642 1570 eum
661 1505 876 1568 Parmenionem
894 1527 923 1570 et
940 1508 1010 1569 Phi·

331 1585 409 1648 lotan
422 1587 538 1659 laudat,
551 1609 616 1649 -tuoe
630 1587 716 1648 semis
728 1607 831 1648 eausa.
850 1586 1012 1670 Lyncestem

331 1687 398 1729 uero
412 1667 604 1729 Alexandrum
615 1665 658 1728 bit
670 1666 834 1726 insidiatum
845 1668 940 1750 capiti
952 1687 1008 1728 tneo

326 1766 351 1806 a
363 1745 467 1806 duobus
478 1745 617 1807 indicibus
635 1745 773 1812 liberati:
784 1767 885 1806 rursus
898 1747 1014 1810 conuit-

329 1841 407 1894 ium,
437 1845 468 1886 er
477 1824 615 1886 biennium
626 1843 717 1886 samen
728 1823 825 1886 distuli
837 1853 847 1887 .·
861 1825 1013 1906 donec-mos

264 1899 269 1906 ’
328 1922 395 2044 {ost
424 1903 936 1986 aretis,attondemdehitosuppiicio
949 1926 1012 1966 ste·

346 2003 379 2044 us
391 1983 490 2048 lueres.
503 1984 647 2054 Annium,
666 1999 809 2063 antequam
825 2006 879 2047 rese
894 2005 1010 2055 essem,

329 2061 440 2124 hostem
449 2085 507 2144 meo
519 2062 702 2144 eapitifuisse
717 2064 898 2126 meministis.
913 2063 1008 2126 Clitus

331 2140 438 2202 utinam
453 2163 507 2202 non
517 2143 656 2224 coegisset
671 2163 712 2203 me
725 2141 897 2209 sibilitosti.
919 2143 1009 2224 Cujus

331 2220 509 2282 temerariam
524 2221 647 2302 linguam
661 2221 760 2302 probra
779 2221 921 2284 dicentem
938 2221 1006 2284 miii

331 2317 360 2360 et
378 2299 456 2361 uobis
472 2299 577 2362 diutius
597 2301 670 2370 suli,
686 2321 765 2380 quam
782 2301 831 2361 itte
850 2302 951 2364 eadem
966 2321 1008 2362 me

330 2377 469 2442 dicentem
491 2379 613 2444 tulisset.
635 2378 743 2460 Regum
769 2380 922 2461 ducumque
948 2382 1006 2444 cle·

331 2459 457 2532 mentia,
476 2461 574 2520 nonin
589 2459 708 2542 ipsorum
724 2459 823 2530 modo,
847 2461 899 2522 sed
920 2463 1005 2523 etiam

235 2549 238 2553 ’
329 2537 508 2610 initlorum,
527 2541 572 2619 qui
587 2545 710 2621 paream
729 2539 856 2618 ingeniis
872 2541 933 2602 sito
951 2559 1006 2604 est.

331 2615 472 2710 Obsequio
486 2619 778 2710 mitiganturimperia
791 2619 859 2679 subi
874 2640 949 2710 ueto·
958 2639 1004 2709 re-

327 2715 457 2759 retemta
477 2717 600 2760 excessit
616 2719 741 2768 ansmts,
764 2715 792 2759 et
806 2719 917 2760 summa
939 2716 1004 2758 tmts

330 2773 544 2851 confundimus,
562 2777 591 2840 ui
606 2797 671 2860 opus
684 2795 744 2848 est,
765 2793 795 2838 us
809 2779 866 2839 uim
882 2776 1004 2868 repella·

329 2873 402 2920 mus.
415 2853 473 2918 Sed
482 2856 549 2940 quid
556 2878 609 2940 ego
619 2856 703 2920 suiset
712 2857 796 2920 istum
807 2857 1005 2922 crudelitatem
1039 2889 1042 2895 ·
1086 2927 1087 2938 2

938 2953 1006 3020 mu
