2350 3967
323 419 385 484 4⁶4
505 404 549 487 Q.
587 404 668 467 cu
686 404 714 465 r
732 404 829 469 arr

324 514 1018 640 *immaturitate

320 798 323 806 ,
401 722 623 791 arsen
673 717 923 793 NON‘US'.

515 830 736 949 enta-r
780 886 807 947 1.

424 1079 589 1125 saxanum
603 1078 664 1124 tam
681 1060 863 1123 memorabili
879 1058 1011 1125 victorie

425 1144 503 1206 laetus
513 1182 524 1213 ‚
534 1164 591 1222 qua
602 1142 655 1203 sibi
666 1140 793 1205 Orientis
806 1142 878 1202 fines.
887 1162 1013 1219 apertos

328 1244 388 1283 esse
400 1226 551 1294 censebat,
567 1222 630 1283 Soli
643 1220 766 1283 victimis
780 1222 876 1293 eaesis3
894 1222 1010 1285 milites

327 1323 464 1381 quoque,
483 1324 542 1381 quo
555 1302 758 1395 promtiotibus
775 1301 877 1361 animis
891 1302 1009 1379 reliqua

327 1383 397 1443 belli
408 1384 505 1443 munia
515 1385 643 1450 obirent,
655 1402 707 1459 pro
719 1380 861 1441 concione
872 1380 1010 1441 laudatos

326 1463 444 1531 docuit,
462 1460 594 1542 quidquid
606 1458 685 1521 ludis
697 1458 911 1537 ulrlumfulsset
923 1503 935 1530 ,
952 1458 1009 1521 illa

326 1540 508 1601 dimicatione
527 1558 706 1622 prostratum.
733 1536 861 1601 Ceteram
884 1538 1008 1619 opimam

322 1618 540 1702 pradamsore,
559 1619 765 1699 celebratasque
782 1638 846 1699 apes
863 1616 893 1677 ia
908 1641 943 1679 ea
954 1640 1006 1679 re-

325 1698 412 1779 gione
422 1699 563 1767 eminere,
574 1720 654 1778 quam
664 1715 797 1780 peterent.
809 1696 937 1759 Proinde
944 1699 1023 1781 jam·

325 1776 449 1840 uillaee
470 1776 592 1839 obsoleta
615 1800 677 1840 erse
702 1776 791 1859 spolia
816 1775 857 1837 de‘
872 1774 974 1837 Persis
997 1804 1007 1839 .·

324 1857 444 1937 gemmis
455 1856 669 1938 margaritisque
681 1899 691 1927 ,
711 1875 738 1917 et
755 1876 821 1917 aura
833 1874 915 1935 atque
926 1856 1009 1919 ebore

327 1935 526 1998 Macedoniam
543 1934 758 2017 Graeciamque,
778 1957 833 1996 aaa
852 1955 921 1996 suas
940 1954 1009 1997 taa-

325 2034 385 2077 tum
411 2014 504 2077 damas
527 2015 703 2096 repleturum.
734 2016 820 2077 Avidi
844 2016 954 2077 milites
978 2033 1010 2079 et

326 2098 454 2175 pecunie
472 2114 501 2156 et
519 2097 618 2175 glorier
633 2120 642 2169 3
669 2096 753 2157 simul
771 2097 835 2175 quia
856 2116 1008 2175 nunquam

326 2173 479 2234 affirmatio
500 2177 560 2250 ejus
579 2176 718 2237 fefellerat
737 2197 808 2245 eos,
831 2176 1009 2253 polliceatur

327 2274 449 2344 operam
463 2280 471 2315 ι
486 2253 660 2331 dimissisque
681 2277 749 2316 cum
766 2258 842 2315 bona
861 2278 933 2334 spe,
952 2277 1008 2317 ass-

326 2332 407 2414 uzgia
420 2330 555 2412 aedificari
570 2336 646 2408 jubet
659 2378 669 2405 ,
684 2352 714 2393 ut
731 2356 791 2395 rum
806 2351 894 2395 ratam
902 2334 1007 2396 Asiam

322 2412 526 2496 percurrissem
538 2453 548 2483 ‚
558 2411 650 2492 finem
660 2434 793 2475 terrarum
810 2434 886 2475 mare
898 2414 1007 2477 inuise-

328 2509 384 2555 ret.
412 2494 504 2553 Multa
529 2494 647 2555 materia
674 2494 782 2555 navalis
807 2495 838 2555 in
864 2494 1007 2574 proximis

327 2574 474 2633 montibus
498 2592 579 2646 etat3
608 2596 694 2650 quam
720 2573 826 2635 cudere
853 2576 979 2658 aggressi
990 2606 1008 2645 ·,

328 2651 530 2732 magnitudinis
547 2653 681 2713 inusitatae
700 2674 829 2731 repetere
850 2672 1006 2733 serpentes.

327 2728 537 2821 Rhinocerotes
548 2752 661 2810 quoque
668 2775 679 2801 ‚
693 2754 788 2793 rarum
798 2734 868 2793 alibi
880 2734 1005 2803 animal.

306 2828 359 2890 ⁴sn
378 2808 478 2874 iisdem
499 2813 644 2878 montibus
666 2830 756 2878 etant.
787 2812 930 2879 Ceterum
951 2816 1006 2877 hoe
1086 2848 1087 2901 3

426 2934 438 2983 l
474 2989 480 2996 .
