2350 3967
336 473 527 540 LIBER
567 475 657 541 ΙΙΙ.
782 503 836 557 ¹55

164 573 250 638 titula
264 595 364 656 petere
373 578 703 656 coepemnuPraefectus,
719 582 841 656 quatiet

164 657 222 734 ipse
241 657 414 718 conterritus
432 658 587 726 simulans,
610 675 711 718 cuncta
731 679 841 735 pavore

165 738 376 814 compleverat.
398 733 536 802 Jaeebant
556 737 623 796 toris
641 737 748 813 eampis
768 759 844 814 opes.

164 816 244 894 regie
256 839 265 876 ε
278 817 332 876 illa
346 815 468 892 pecunia
485 814 627 892 stipendio
638 815 746 897 ingenti
757 819 843 877 mili·.

162 909 222 952 tum
243 910 427 972 praeparata:
445 893 496 953 ilie
517 894 609 954 cultus
630 895 836 956 totnobilium

122 1026 125 1032 .
164 973 291 1033 uirorum
303 997 313 1046 ς
331 989 376 1032 rot
387 972 539 1032 illustrium
545 973 718 1048 ¹feminarum
730 996 741 1034 t
751 995 838 1034 aurea

163 1071 226 1111 rasa
239 1052 344 1112 :fuurei
360 1051 432 1111 freni
444 1073 454 1111 r
466 1052 646 1112 tabernacula
660 1054 750 1137 regali
766 1073 841 1112 mam

163 1128 327 1208 gnifieentia
347 1148 446 1190 ornata
461 1153 469 1190 t
484 1127 737 1207 vehieuiaquoque
749 1153 766 1191 a
778 1132 841 1191 suis.

163 1209 314 1278 destituta,
333 1209 455 1289 ingentis
467 1209 617 1285 opulentiae
626 1210 723 1286 plena.
737 1209 839 1271 Facies

162 1289 248 1348 etiarn
259 1288 452 1366 praedantibus
465 1288 568 1356 tristis,
586 1288 674 1366 siqua
685 1308 729 1349 res
739 1289 840 1350 avari·.

159 1369 228 1426 riam
247 1383 423 1428 moraretur.
433 1365 551 1444 Quippe
564 1383 609 1426 tot
625 1387 767 1428 annorum
784 1368 833 1426 in-

158 1445 289 1506 credibili
301 1464 331 1504 et
344 1443 430 1504 fidem
440 1445 594 1505 excedente
602 1446 716 1505 fortuna
733 1466 837 1508 cumu-

157 1525 213 1584 lata
225 1559 248 1594 ‚·
259 1541 332 1584 tunc
351 1524 405 1583 alia
423 1523 552 1601 stirpibus
565 1525 689 1584 lacerata
700 1563 713 1592 ,
735 1523 791 1582 alia
803 1524 839 1584 in

157 1623 275 1664 coenum
288 1601 416 1662 demersa
428 1605 597 1662 eruebantur
608 1627 617 1662 r
629 1623 690 1662 non
705 1599 831 1664 sufficie·-

156 1685 225 1743 bant
245 1681 436 1760 praedantiurn
458 1701 557 1741 manus
576 1682 685 1760 praedae.
710 1682 838 1758 Jamque
908 1714 916 1734 ι

156 1764 244 1822 etiam
258 1761 293 1822 ad
307 1779 379 1829 eos,
396 1761 444 1837 qui
453 1760 537 1837 primi
547 1761 697 1842 fugerant,
712 1778 837 1822 ventum

156 1858 236 1902 erat:
251 1840 369 1900 feminae
381 1841 519 1916 pleraeque
529 1860 633 1916 parvos
642 1838 782 1900 trahentes
792 1840 837 1898 li*

154 1922 238 1980 beros
249 1920 352 1987 ibant,
370 1917 444 1978 inter
453 1939 520 1994 quas
531 1936 585 1976 tres
597 1918 676 1977 fuere
686 1918 810 1996 virgines
822 1955 838 1986 ,

155 1999 257 2066 ochis,
276 1999 327 2074 qui
337 2017 404 2058 unte
414 1997 535 2056 Darium
546 2013 732 2075 regnaverat,
744 1995 851 2062 ffliae‚·,
905 2034 908 2038 -

155 2079 226 2137 oiim
239 2078 359 2153 quidem
370 2095 405 2136 ex
414 2075 525 2154 fastigio
535 2071 757 2153 patefnorerum
767 2094 835 2132 rnu-¹

151 2158 265 2216 tatione
285 2156 440 2226 detractet
465 2155 511 2213 sed
530 2173 598 2214 rum.
610 2171 715 2212 sortem
732 2173 835 2213 camin

152 2236 295 2296 crudelius
320 2250 493 2314 aggravante
517 2233 643 2293 fortuna.
672 2234 706 2292 In
726 2232 836 2293 eodem

150 2335 237 2396 grege
260 2335 340 2376 uxor
358 2331 473 2389 quoque
494 2312 620 2386 ejusdem
638 2311 717 2370 Ochi
739 2311 792 2370 fuit
817 2350 834 2378 ‚

152 2393 351 2470 Oxathrisque
365 2395 379 2464 (
391 2393 477 2450 stater
487 2389 533 2450 bic
554 2408 613 2450 erat
623 2390 705 2450 Darii
715 2391 732 2460 )
742 2389 801 2448 filia
818 2426 832 2455 ‚

151 2493 178 2534 et
188 2475 300 2552 conjux
310 2470 449 2530 Artabazi
458 2470 588 2547 principis
598 2486 833 2546 purpuratorum,

150 2570 177 2612 et
188 2553 265 2613 filius
278 2591 290 2621 ‚
317 2549 367 2610 cui
378 2545 488 2620 Ilioneo
500 2547 552 2608 fuit
569 2567 688 2608 nomen.
700 2545 830 2604 Pharna·

148 2632 210 2692 bazi
223 2650 345 2709 quoque
357 2667 368 2697 ‚
389 2627 436 2705 cui
448 2647 591 2700 summurn
602 2625 753 2702 imperium
765 2643 831 2680 ma·

146 2711 247 2771 ririrnae
270 2729 332 2769 orae
357 2727 410 2766 rex
429 2705 661 2775 dederanuxor
679 2721 745 2762 curn
765 2700 833 2760 filio

147 2807 266 2868 excepta
281 2803 326 2848 est
338 2809 350 2846 r
365 2783 505 2844 Mentoris
519 2785 584 2844 filiae
595 2801 650 2841 tres
663 2803 673 2852 ς
695 2781 729 2840 ac'
740 2780 829 2838 nobi-

146 2870 245 2932 lissimi
266 2866 353 2930 ducis
374 2863 540 2925 Mernntuns
561 2861 675 2941 conjux
690 2877 720 2921 et
740 2857 839 2951 filiast
