2350 3967
511 439 520 463 Ι
661 457 665 462 .
706 457 712 466 ,

327 575 366 636 ita
379 569 465 646 fixit,
483 587 516 636 ut
529 589 581 652 pet
596 570 738 634 cervicem
755 569 910 632 emineret·
926 565 1011 634 Pru!

327 653 457 732 cipitatut
478 672 515 713 eit
533 671 610 729 equo
631 653 763 711 barbarus
787 649 880 712 adhuc
902 667 1003 710 tamen

326 735 511 812 repugnabat.
529 730 648 796 Sedille
663 745 819 792 extractam
831 748 868 789 ex
879 730 1003 792 uulnere

326 809 438 870 hastam
458 831 552 878 mrsut
573 809 604 869 in
625 831 657 869 ot
676 809 780 891 dirigit.
802 808 1003 870 Satibarzanes

326 889 438 950 hastam
459 911 547 950 manu
569 888 759 966 complexus,
781 906 840 964 quo
860 888 1004 948 maturina

326 968 476 1040 interiret,
493 969 583 1030 ictum
600 966 689 1028 hostis
703 965 822 1045 adjuvit.
834 961 872 1028 Et
888 965 1003 1028 barbari

326 1047 627 1124 duceamieso‚qttem
638 1047 1002 1128 magisnecessitatequam

324 1143 429 1205 sponte
438 1127 527 1188 secuti
537 1143 619 1187 erant
629 1164 639 1195 ‚
651 1143 719 1186 tunc
730 1123 803 1186 haud
812 1125 1003 1186 immemores

325 1207 495 1268 meritorum
512 1204 688 1274 Alexandri,
708 1225 788 1265 arma
801 1203 849 1265 Eri
891 1206 922 1264 io
941 1223 1003 1266 tta·

327 1286 409 1348 dunt.
427 1283 490 1345 Rex
503 1284 547 1346 his
561 1284 677 1364 quidem
688 1283 785 1353 latus,
806 1284 841 1346 de
877 1283 1004 1362 pattanit

327 1362 546 1442 haudquaquam
556 1383 688 1432 securus,
705 1381 812 1454 magno
823 1379 924 1424 tamen
935 1362 1002 1423 ani·

329 1465 382 1504 mo
398 1443 586 1504 defectionem
598 1461 698 1502 totum
711 1442 794 1516 tulat3
811 1441 930 1510 dicens,
948 1457 1004 1502 nott

327 1541 395 1582 uma
406 1539 489 1582 ausos
501 1517 754 1591 considerarim,
770 1539 851 1599 quam
863 1518 956 1602 iprum
966 1515 1003 1580 ed

319 1595 401 1680 fines
421 1597 510 1660 Indioe
525 1595 690 1679 pervenisse
712 1597 919 1680 cognovissent.
939 1599 953 1659 1
985 1615 1005 1658 e

328 1678 446 1740 Bessum
462 1696 631 1756 persequens
642 1679 739 1757 copias
752 1679 863 1740 movitt
878 1679 927 1739 cui
963 1677 1003 1738 ri·

367 1758 413 1817 ius·
429 1757 520 1834 spolia
544 1757 678 1828 barbati,
703 1777 756 1819 ceu
777 1758 911 1836 opimum
934 1751 1004 1819 belli

345 1856 433 1905 ecus,
454 1835 601 1914 pracferens
616 1837 749 1896 occurrit.

366 1913 460 1977 Cat.
479 1914 520 1976 V.
541 1914 631 1996 Igitur
648 1915 864 1978 Bactrianorum
882 1915 1004 1998 regiona

324 1993 474 2054 ‘Artabazo
486 1993 585 2053 tradita
600 2015 610 2067 ;
623 1998 743 2054 sarcinas
755 2013 783 2055 ct
795 1995 1002 2072 impedimenta

327 2071 368 2131 ibi
386 2093 453 2131 cum
468 2073 597 2148 praesidio
611 2073 734 2150 reliquit.
753 2074 815 2151 ipse
831 2095 899 2134 cum
915 2093 1006 2152 expe·

327 2151 388 2209 dito
404 2149 520 2230 agmine
531 2151 595 2210 loca
610 2150 716 2212 deserta
728 2151 940 2244 Sogdianorum
957 2153 1004 2212 in·
1100 2157 1101 2166 ’

325 2243 404 2294 trac,
428 2243 571 2288 nocturno
589 2229 691 2292 itinere
708 2249 866 2293 exercitum
884 2232 1005 2296 ducem·

326 2309 499 2383 Aquarum,
520 2323 553 2368 ut
569 2311 757 2370 antedictum
775 2327 840 2379 est,
858 2311 1003 2388 penuria,
1099 2351 1100 2405 ᾖ

326 2385 403 2478 ptius
412 2384 626 2463 desperatione,
642 2387 877 2467 quamdeaiderio
887 2389 1004 2450 bibendi

329 2465 406 2528 sitim
419 2465 557 2527 accendit.
569 2467 624 2526 Per
636 2489 712 2530 cccc
723 2467 810 2529 stadia
821 2509 832 2538 ,
850 2487 889 2530 ne
902 2468 1002 2529 modi·
1098 2483 1099 2502 ³

327 2559 379 2606 ctis
398 2544 513 2638 quidem
531 2543 635 2605 humor
653 2547 758 2608 existit.
778 2547 891 2608 Arenae
911 2565 1003 2626 vaput

327 2623 415 2685 aestivr
427 2624 494 2684 solis
505 2625 652 2697 accendit,
673 2647 733 2704 quae
745 2626 793 2688 ubi
800 2624 928 2719 'flagrare
941 2649 1006 2704 cce-³

326 2720 429 2777 pertint
441 2741 450 2770 ‚
463 2703 535 2764 haud
546 2724 624 2764 secus
634 2727 720 2783 quam
730 2706 890 2766 continenti
902 2726 1004 2768 incen-
1096 2761 1097 2768 ,

327 2778 376 2837 dio
388 2798 489 2842 cuncta
500 2800 652 2847 torrentur.
665 2783 770 2864 Caligo
781 2785 883 2846 deinde
894 2785 1003 2846 immo·

325 2856 393 2935 dico
409 2875 489 2925 tetre
504 2861 617 2928 feruore
628 2863 770 2934 excitata,
791 2864 891 2925 lucem
908 2865 1007 2946 tegite.
