2350 3967
340 443 403 518 “406
523 433 850 521 Q.cURT·11

341 563 372 605 et
387 540 467 625 vigili
479 535 631 603 excubanti
647 539 726 602 hasta
738 539 834 602 ablata
848 535 985 602 constitit
995 538 1026 602 itt

341 623 439 690 aditu,
458 643 517 699 quo
527 639 642 684 necesse
654 637 714 682 erat
724 620 780 690 iis,
798 619 848 698 qui
861 619 953 682 simul
964 641 1028 681 coe·

341 717 501 772 neverant,
518 701 627 783 egredi.
640 700 778 764 Abierant
793 699 910 770 ceteri,
931 699 1029 764 Clitus

341 782 458 846 ultimus
473 781 535 843 sine
552 782 663 844 lumine
685 780 791 842 exibat.
816 778 925 856 Quem
947 798 1027 850 rex,

340 862 696 956 quiruontestetlinterro
758 859 925 922 Eminebat
937 861 1026 922 etiam

341 963 373 1002 ιιι
388 962 462 1003 voce
476 943 610 1010 sceleris,
628 963 686 1019 quo
717 943 857 1019 parabat,
875 942 1026 1006 atrocitas.

342 1022 380 1083 Et
390 1022 440 1083 itte
451 1023 510 1100 jam
519 1042 580 1082 non
591 1043 665 1088 suae,
680 1023 727 1082 sed
739 1021 812 1101 regis
822 1021 872 1082 irae
884 1041 1026 1094 memor,

265 1121 270 1127 ·
343 1099 449 1162 Clitum
459 1109 540 1171 esse,
551 1117 580 1162 et
592 1097 625 1161 le
636 1099 763 1162 conuiuio
775 1099 854 1161 exire
865 1101 1029 1179 respondit.

343 1181 415 1242 Haec
434 1182 553 1243 dicentis
574 1183 648 1242 latus
665 1179 744 1242 hasta
766 1179 934 1252 transfixit,
955 1202 1025 1242 mo·

335 1261 496 1340 ‚uenisque
515 1262 650 1353 sanguine
673 1279 797 1338 aspersus
810 1284 818 1320 ι
834 1257 853 1320 I
863 1280 941 1322 nunt
955 1299 966 1330 ,
980 1263 1028 1322 iu·

344 1341 427 1420 quit,
445 1340 481 1402 od
497 1338 676 1421 Plultppunt,
694 1357 721 1400 et
739 1335 982 1414 Parmenionem,
1000 1357 1028 1406 tt

345 1418 501 1485 Attalum..

290 1515 294 1520 ·
385 1501 472 1562 Car.
484 1502 531 1563 11.
543 1500 623 1561 Male
638 1497 769 1560 humanis
783 1497 909 1581 ingeniis
924 1519 1027 1566 natura

343 1581 509 1650 consuluit,
528 1579 606 1657 quod
628 1582 795 1657 plenumque
818 1599 882 1640 non
905 1580 1027 1652 futura,
1091 1611 1092 1642 t

344 1660 394 1720 sed
413 1679 551 1722 transacta
571 1657 783 1736 perpendimus.
805 1655 930 1738 Quippe
951 1683 1026 1732 rex,
1091 1675 1092 1702 ἒ

343 1739 1030 1817 postquamiramentedecesserat‚etiamebrie·

344 1836 403 1880 tate
414 1819 555 1888 discussa,
572 1819 799 1900 magnitudinem
811 1817 954 1882 facinoris
967 1841 1027 1884 sera

345 1898 533 1960 estimatione
551 1899 705 1977 perspexit.
728 1897 853 1960 Videbat
872 1918 947 1964 tunc
968 1902 1026 1965 iut-

344 1979 460 2040 modica
467 1980 597 2040 libertate
607 1982 726 2040 abusum
737 2017 747 2048 ‚
759 1977 806 2040 sed
816 1979 930 2059 alioqui
941 1999 1026 2065 egre·

342 2058 425 2140 gium
439 2061 518 2119 bello
535 2061 649 2127 virum,
672 2076 701 2120 et
716 2058 768 2118 nisi
787 2061 971 2124 erubesceret
984 2062 1028 2124 fa-

343 2137 417 2206 teri,
430 2157 604 2200 seruatorem
614 2139 657 2200 sui
667 2175 677 2208 ‚
689 2139 830 2202 occisum.
845 2139 1027 2204 Detestabile

342 2217 483 2277 carnificis
509 2219 699 2279 ministerium
727 2238 923 2296 occupaverat
948 2243 1026 2284 text

343 2299 500 2358 uerborum
522 2299 697 2368 licentiam,
725 2319 785 2377 qttae
811 2301 885 2361 vino
914 2317 1027 2380 poterat

341 2375 506 2455 imputari,
528 2379 651 2439 nefanda
674 2379 748 2440 caede
771 2379 858 2441 ultus.
886 2383 1028 2444 Manabat

343 2474 409 2519 toto
424 2459 566 2520 uestibulo
579 2479 665 2520 cruor
679 2459 767 2536 paulo
785 2477 852 2521 ante
868 2463 1025 2524 convive:

345 2538 450 2619 uigiles
457 2538 572 2598 attoniti
581 2557 611 2598 et
622 2539 794 2615 stupentibus
807 2540 1024 2621 sintiiesprotui

337 2621 458 2689 orabant
469 2657 485 2688 ‚.
499 2617 720 2697 liberioremque
735 2620 938 2696 penitentiam
955 2622 1025 2682 soli·

339 2695 421 2757 tudo.
436 2699 580 2761 exciebat.
602 2699 679 2778 Ergo
705 2697 816 2760 hastam
844 2722 881 2762 ex
904 2721 1023 2779 corpooe
1092 2743 1093 2768 ;

341 2773 462 2854 jacentis
475 2779 603 2840 evulsam
615 2779 726 2841 retorsit
736 2780 764 2839 in
782 2800 896 2844 semet:
911 2784 1022 2862 jamqu

321 2853 512 2923 'salmonum
520 2860 631 2940 pectori
642 2883 653 2939 3
663 2881 740 2923 euru
747 2859 891 2928 advolant
902 2863 1021 2946 uigiles.
