2350 3967
269 444 327 524 ‚tlt
366 446 403 514 Q.
439 441 628 517 duhnrutt
657 451 691 502 n.
725 444 766 505 tl.
811 461 867 514 ,ror

193 535 456 597 .·ca1¹.X1.Hiaita
469 537 548 606 gestit
557 536 670 592 insistent
685 537 792 592 coneilio
802 557 868 599 tuo,

184 618 213 661 ut
228 607 300 660 omui
317 604 445 658 maritima
459 622 504 658 ora
518 603 556 656 tui
569 604 629 670 iurit
642 607 744 668 effecta,
763 607 868 660 classem

184 675 302 728 hostium
313 672 434 725 inutilem
445 673 580 732 redderet,
599 675 720 752 Hyparnir
734 674 841 740 receptis
858 709 868 734 ,

182 759 234 810 que
251 759 335 793 arcem
354 755 470 792 tenentes
488 740 633 792 mercenarii
648 743 787 794 dediderant
804 780 815 802 ,
839 742 869 792 in

183 811 285 878 lyciam
299 807 447 860 contendit.
458 807 496 860 lbi
512 823 584 874 pacta
597 825 652 859 cum
665 809 870 862 Telmittentibut

182 877 295 930 amicitia
306 913 314 938 ,
326 877 478 942 Xanthoque
486 874 589 926 flumine
598 876 739 930 transmitto
747 917 758 939 ,
767 894 868 945 cogno·

184 945 278 996 minem
296 942 487 1002 amni-urbem,
502 942 636 1009 Pinaraque
656 959 682 997 et
698 946 801 1004 Patara,
819 933 868 996 ito⁴

183 1011 244 1064 bilia
261 1011 296 1063 iia
305 1010 454 1080 regionibus
470 1028 485 1060 o
503 1009 577 1074 pida,
595 1029 649 1063 cum
665 1011 868 1066 aliitminotibut

181 1079 287 1132 circiter
297 1077 423 1144 triginta,
438 1077 464 1128 in
490 1079 546 1130 dem
555 1077 662 1144 accipit:
676 1081 795 1150 rebusque
805 1077 867 1132 tati·

182 1147 208 1198 in
229 1162 340 1213 praesens
363 1143 511 1208 compositis
528 1183 540 1212 ‚n
561 1145 587 1196 in
604 1146 714 1214 Myliada
737 1147 866 1212 procedit.
888 1204 893 1211 ,

174 1210 299 1281 ‘Phrygiae
308 1207 413 1274 maioris
421 1209 506 1276 portio
515 1212 605 1279 Mylias
615 1229 671 1274 cett
684 1216 728 1266 ted
734 1217 866 1268 Persarum

179 1283 287 1350 regibus
295 1281 426 1346 placuerat
435 1278 513 1346 Lyciae
525 1296 579 1332 eam
589 1281 723 1333 contribui.
733 1285 792 1334 Eam
806 1284 865 1334 dum

179 1349 293 1414 recipit,
310 1349 413 1399 adfuere
427 1345 606 1400 Phaselitarum
617 1348 695 1414 legati
706 1381 721 1408 ‚.
731 1349 865 1418 amicitiant

178 1428 284 1468 orantes
293 1451 302 1475 ‚
311 1425 457 1480 aureamque
466 1431 601 1474 coronam,
614 1415 738 1482 hospitale
752 1416 845 1468 donum
860 1453 869 1476 ,

178 1485 320 1536 afferebant
335 1501 343 1533 ε
358 1481 425 1532 idem
434 1481 551 1548 petebant
562 1483 693 1537 multorum
703 1482 800 1536 urbium
809 1501 867 1536 oran

179 1565 251 1605 tores
266 1549 299 1602 eit
317 1549 438 1600 inferiore
455 1549 538 1616 Lycia.
554 1555 639 1615 ltaque
653 1567 694 1602 rex
708 1551 838 1618 praemitsit
854 1589 862 1612 ‚

173 1619 269 1688 ,quibus
283 1617 380 1684 oppida
393 1634 434 1674 sua
448 1617 576 1668 Phaselitae
587 1617 704 1686 Lyciique
717 1621 862 1678 traderent,

172 1689 267 1755 paneis
277 1700 340 1752 post
353 1684 457 1743 diebus,
473 1685 590 1737 Phaselin
604 1691 730 1750 profectus
742 1703 789 1742 ett.
807 1691 863 1753 Op·

174 1755 327 1832 pugnabant
340 1751 380 1804 illi
398 1767 449 1804 tum
464 1749 569 1807 maxime
584 1754 861 1820 ualidumpraeeidiutm

173 1825 249 1895 ‘quod
265 1822 293 1873 in
310 1819 422 1886 ipsorum
437 1815 535 1870 ditione
549 1819 636 1872 Pisida.
650 1840 870 1886 construxerant„

178 1893 323 1954 multasque
332 1887 391 1938 inde
403 1887 506 1950 iujurias
520 1887 653 1940 intulerant
661 1890 764 1945 accolit.
781 1893 811 1944 ld
822 1892 864 1943 ad·

178 1973 257 2010 ventu
267 1955 408 2008 Alexandri
425 1953 498 2006 brevi
509 1970 607 2020 captum
617 1955 673 2008 fuit.
683 1957 760 2021 Apud
774 1958 862 2008 Phase-

176 2027 237 2084 litas
252 2025 385 2092 plusculos
400 2021 470 2081 dies,
489 2035 517 2072 ut
532 2038 604 2088 seque
617 2039 644 2074 et
656 2022 791 2077 exereitum
807 2025 864 2094 reli·

178 2109 264 2154 teret,
279 2091 360 2160 quieti
374 2089 453 2142 dedit.
464 2089 588 2142 Invitabat
597 2090 671 2143 etiarn
681 2108 777 2157 tempus
786 2095 858 2147 annit

179 2162 270 2228 quippe
285 2159 370 2212 media
381 2158 435 2222 jam
450 2157 535 2224 hyems
556 2157 671 2212 difficiles
687 2161 859 2226 progredienti

178 2231 230 2282 vias
241 2226 373 2280 effecerat.
383 2225 423 2278 lbi
434 2241 480 2290 per
490 2224 637 2280 hilaritatem
645 2241 671 2280 et
679 2230 762 2292 epulae
773 2231 858 2282 laxato

176 2297 275 2359 auimo,
294 2313 353 2348 oum
368 2307 476 2346 statuam
485 2293 621 2347 Theodecti
638 2295 758 2347 tcivibua
770 2296 820 2348 auis
831 2297 858 2348 in

176 2371 233 2417 loro
241 2363 353 2431 positam
364 2359 490 2422 vidisset,
506 2376 555 2412 uta
569 2377 636 2414 corna
644 2365 792 2416 temulentus
802 2381 856 2414 sur-

176 2450 287 2494 rexerat,
307 2429 477 2504 taltabundua'
496 2428 527 2480 eir
549 2429 688 2493 processit,
704 2426 861 2496 frequentet·

178 2521 220 2569 que
233 2503 257 2554 ei
278 2515 389 2568 coronat
404 2495 501 2560 injecit.
519 2498 584 2548 Nam
598 2497 777 2556 Theodecten,
800 2515 857 2552 cum

175 2569 342 2624 Aristotelem
360 2563 532 2622 multudine,
550 2562 699 2614 familiarem
711 2579 858 2632 gratumque

173 2639 298 2692 habuerat.
316 2637 366 2688 Sed
376 2633 480 2686 otiosos
495 2629 612 2696 juvenilia
620 2628 696 2683 animi
703 2631 771 2683 lutua
786 2650 857 2686 atrox

171 2723 184 2758 a
194 2705 362 2758 Parmenione
376 2699 482 2754 nuntius
491 2698 544 2748 cito
555 2697 680 2750 discurrit.
690 2701 859 2768 comprehena

171 2775 238 2828 derat
250 2776 298 2826 ille
308 2775 413 2824 Persam
427 2767 561 2834 quemdam
570 2767 695 2834 Asisinem
709 2761 823 2829 nornine,
841 2786 856 2818 t

166 2859 224 2914 sege
237 2842 322 2896 Dario
336 2840 432 2910 palam,
442 2833 547 2904 quidem
563 2837 594 2900 qd
607 2833 856 2956 Atlfiefplrlssl’l

730 2922 757 2957 tv
