2350 3967
334 462 371 517 ‘48
439 454 466 509 J.
499 452 690 508 FREINSH.
725 449 913 507 supplan.

338 558 471 597 mentatum
491 543 584 603 misso,
608 542 730 606 comperit
749 561 803 594 suos
823 544 847 593 in
867 539 1012 593 discrimina

338 614 433 663 uersari
450 634 456 645 ·
446 610 561 675 ‚quippe
576 610 693 661 Glaucias
706 611 784 659 colles
797 624 885 670 eampo
900 607 1015 657 circum»

339 682 410 727 datos
429 694 612 742 occupaverat,
626 680 653 729 in
668 677 822 729 occasionem
841 678 953 740 gerenda
971 675 1009 726 rel

337 746 456 797 intentus.
472 746 571 823 Igitur
566 749 681 798 adversus
695 745 874 821 oppidanorum
892 742 1010 821 eruptio·

339 828 395 863 nem
410 829 478 877 parte
494 813 615 864 exercitus
627 815 653 864 in
670 812 754 863 castris
767 810 872 871 relicta,
892 806 947 861 cu'm
965 827 1014 860 ce-

339 879 399 929 teris
420 880 498 945 copiis
520 882 625 945 impigre
643 886 769 945 profectus
786 896 848 931 est
841 880 1011 942 territisque

339 948 450 1014 Illyriis
468 966 524 998 euos
543 948 637 1012 recepit
653 948 799 999 incolumes.
821 951 937 999 'Ceterum
958 946 1011 994 iter

339 1018 437 1066 facturo
457 1015 585 1065 maximum
608 1015 745 1079 periculum
765 1014 916 1065 imminebat.
939 1013 1012 1063 Hine

338 1082 439 1142 flumen,
447 1082 502 1131 inde
512 1082 749 1159 praeruptiardulque
760 1080 871 1133 colles'
847 1098 912 1134 vrato
922 1094 1013 1130 coare·

338 1152 447 1208 tabant,
463 1149 573 1200 relicto'
568 1150 656 1201 ninere
672 1187 680 1209 ,
701 1151 767 1215 quod
783 1150 866 1200 maritis
881 1148 947 1197 locis
962 1147 1010 1198 vix

332 1226 472 1283 quaternos
484 1234 591 1269 armatos
605 1234 723 1282 caperet:
735 1216 855 1267 montium
871 1214 935 1280 iugis
950 1214 1016 1265 Cli-

341 1298 380 1334 tus
395 1300 468 1349 atquc
485 1285 603 1336 Glaucias
617 1284 797 1361 sagittariorum
814 1299 839 1333 ct
853 1282 1013 1333 funditorum

342 1354 459 1403 cohortes
481 1370 641 1418 magnamque
661 1352 742 1419 gravis
764 1366 887 1403 armatura
908 1364 1012 1399 manum

341 1420 518 1483 imposuerant.
534 1420 676 1471 Alexander
691 1418 802 1470 ducentis
815 1416 936 1496 equitibus
951 1431 1013 1467 ante

343 1504 470 1565 utrumque
491 1488 619 1551 phalangis
640 1504 717 1537 cornu
738 1484 888 1543 collocatis,
903 1485 1019 1547 imperat:

342 1570 370 1606 ut
381 1557 498 1632 erigerent
511 1556 676 1618 haesitamus
690 1556 758 1620 signo
769 1558 826 1605 dato
840 1570 922 1604 versus
933 1554 1020 1605 hostes

343 1594 701 1687 tamquantimpetumfltcturi‚
713 1621 814 1685 infestas
822 1622 1016 1687 protenderent,-

345 1690 437 1739 modo
430 1706 455 1737 ιιι
474 1690 600 1745 dextrum,
616 1689 709 1738 modo
701 1690 867 1739 ausinianum
883 1689 975 1739 latus
967 1704 1016 1737 ιιι·

341 1756 418 1805 vicem
427 1756 545 1805 caniani.
555 1752 678 1817 suspensis
688 1770 718 1803 co
731 1769 873 1805 commento
882 1752 1020 1830 hostibus,

341 1821 487 1897 phalangem
507 1820 596 1885 raptim
621 1836 774 1885 progressam
795 1828 859 1871 nunc
881 1820 906 1869 in
927 1822 1019 1884 plures

345 1888 408 1938 acies
424 1886 535 1945 diducit,
550 1902 613 1937 nunc
630 1886 732 1937 divisam
750 1887 871 1955 colligit3
886 1889 916 1939 ad
930 1904 1018 1937 extre·

343 1968 410 2005 mum
428 1968 505 2005 cuneo
522 1958 606 2014 facto,
624 1955 649 2004 in
664 1955 724 2007 leva
742 1957 883 2033 lllyriorum
893 1954 1015 2019 praesidia

335 2034 441 2073 ‘strenue
456 2022 541 2074 infert.
555 2022 597 2074 llli
615 2022 741 2073 celeritate
754 2041 780 2074 et
792 2022 879 2087 peritia
889 2024 1016 2071 Macedo·-

342 2106 400 2141 num
417 2090 443 2138 in
458 2106 582 2153 stuporem
596 2088 679 2148 vern,
695 2090 797 2141 desertis
810 2107 870 2155 quos
884 2103 1016 2139 tenuerant

344 2156 486 2211 montibus,
504 2172 586 2206 versus
600 2158 684 2207 urbem
701 2161 849 2222 refugerunt.
866 2155 939 2205 Pauci
958 2174 1015 2207 res·-

342 2223 446 2275 ticerant
462 2222 487 2271 in
505 2222 573 2273 edito
591 2224 676 2282 colle,
691 2243 736 2291 qua
751 2226 795 2286 jam
810 2223 938 2275 transierat
954 2227 1018 2273 Mau

302 2288 303 2293 ’
342 2292 465 2341 cadonum
481 2306 591 2355 agmen·
607 2290 771 2353 hadrianis,
786 2290 926 2341 Aleriander
943 2294 1015 2341 duo-

341 2358 387 2408 bus
404 2360 454 2407 fere
471 2356 580 2408 millibus
594 2356 760 2436 Agrianomnr
777 2357 1012 2425 sagittariorumque

343 2427 430 2476 locum
446 2425 528 2488 capit·
543 2424 675 2491 phalangi,
691 2444 762 2492 quam
777 2425 867 2477 flumen
881 2426 1014 2477 transmit·

337 2508 523 2555 terciusserat
538 2492 808 2556 presidiofututus.13a
821 2510 847 2543 re
862 2510 1012 2557 conspecta,

346 2560 459 2611 universa
474 2558 581 2610 hostiurn
601 2560 760 2611 multitudo'
753 2575 801 2610 tter
816 2562 848 2610 ad
863 2575 959 2638 montes
974 2578 1016 2611 ar-

345 2624 443 2691 tipuit;
460 2644 492 2677 eo
507 2627 631 2687 consilio,
650 2644 676 2678 ut
694 2629 823 2688 transjecta
840 2627 912 2695 graui
930 2645 1013 2677 arma-

345 2710 416 2748 tura.
434 2709 566 2743 extremum
583 2710 688 2759 agmen,
704 2695 729 2742 in
743 2712 793 2759 quo
801 2712 853 2758 ipse
867 2712 909 2745 rex
922 2694 1016 2745 transi·

347 2776 416 2810 turus
433 2776 503 2818 erat,
524 2761 687 2811 adorirentur.
706 2761 752 2810 llle
766 2761 829 2811 nihil
847 2763 949 2812 territus
966 2779 1014 2813 ve-

346 2826 442 2877 nientes
457 2826 555 2877 fortiter
571 2827 691 2892 excipite
702 2828 776 2878 simul
791 2829 894 2892 phalanx
910 2830 1012 2880 sublato

346 2894 471 2961 elamore,
485 2895 551 2968 quasi
561 2894 654 2949 iterum
665 2895 806 2951 transmisso
819 2913 890 2949 amne
900 2897 1013 2949 subsidio

964 2964 1019 3017 titia

903 3057 913 3087 Ι
