2350 3967
302 442 497 517 trus-tt
534 452 660 519 v111.
756 414 817 534 pr

122 551 208 617 tium
226 573 396 628 averterem
412 555 599 617 Ptolemaeum
615 578 675 617 cum
694 554 824 618 omnibus

127 636 239 696 turmis
263 634 423 712 obequitare
443 635 519 711 jussit
531 635 625 715 procul
644 635 677 696 ab
698 634 824 707 insula,
847 684 851 689 ,

126 734 159 775 er
172 713 400 775 subinde-indos
411 714 529 775 elamore
538 734 655 785 terrere,
671 714 749 792 quari
756 714 820 797 flu-

129 815 201 853 men
239 813 437 854 transnaturus
458 791 545 870 soret.
578 796 633 855 Per
659 796 824 873 complures

128 876 193 933 dies
223 874 400 935 Ptolemaeus
419 875 446 933 id
471 874 673 951 feci13eoque
696 876 823 936 consilio

127 953 248 1014 Potum
261 974 377 1032 quoque
386 973 489 1035 agmen
499 976 581 1014 suum
592 956 618 1014 ei
630 956 702 1033 parti
711 998 721 1025 ,
731 974 820 1033 quam

128 1053 163 1093 se
174 1053 282 1111 petere
293 1036 463 1099 simulabat,
477 1032 572 1115 co'e'git
582 1035 734 1098 advertere.
748 1036 817 1102 Jam

130 1133 219 1174 extra
230 1131 420 1193 conspectum
435 1113 523 1173 hostis
538 1116 629 1175 insula
644 1133 704 1175 erat
719 1138 728 1176 t
746 1116 820 1174 Ale·

130 1194 249 1253 xander
268 1192 297 1252 in
317 1192 426 1253 diversa
443 1211 525 1273 parte
545 1194 615 1273 ripa
633 1194 720 1253 statui
739 1212 820 1253 suurn

132 1270 347 1333 tabernaculum
365 1272 464 1350 jussit,
484 1290 674 1350 assuetumque
691 1269 822 1332 comitari

133 1350 229 1432 ipsum
244 1351 384 1411 cohortem
395 1371 458 1412 ante
469 1350 500 1412 id
509 1350 710 1411 tabernaculum
721 1368 822 1422 stam

135 1450 163 1489 et
182 1451 295 1491 ornnem
308 1450 465 1510 apparatum
477 1431 562 1509 regin
575 1430 792 1511 magnificentioe
805 1466 819 1500 ‚

135 1507 264 1570 hostiurn
279 1509 366 1570 oculis
379 1510 413 1570 de
433 1510 573 1570 industria
589 1510 710 1572 ostendi.
730 1513 817 1569 Atta-

134 1590 197 1650 lum
220 1606 253 1651 et
274 1590 409 1667 aequalem
430 1591 509 1658 sibi,
533 1610 561 1650 et
579 1589 653 1651 hand
676 1592 817 1667 disparem

135 1668 236 1730 habitu
251 1670 309 1730 oris
318 1689 348 1729 et
358 1670 505 1747 corporis,
525 1671 622 1747 utique
633 1692 699 1730 cum
714 1669 819 1749 procul

135 1751 292 1818 viseretur,
306 1768 382 1812 veste
397 1751 473 1830 regia
484 1766 622 1818 exornat,
634 1751 818 1829 praebimtum

135 1830 266 1907 speciem
282 1830 375 1907 ipsum
391 1850 487 1910 regem
504 1830 546 1888 illi
562 1832 628 1905 ripae
647 1831 817 1909 ptaesideteu

136 1931 190 1969 nec
206 1910 317 1991 agitare
331 1910 366 1969 de
380 1910 509 1970 transitu.
533 1907 629 1983 Hujus
643 1909 756 1969 consilii
771 1908 816 1967 ef-

135 1990 245 2050 fecmm
262 1989 478 2067 ptimo'morata
493 2006 644 2065 tempestas
662 2006 724 2056 est,
742 2006 820 2055 mors

137 2071 277 2146 adjuvit3
307 2069 492 2129 incommoda
520 2088 634 2145 quoque
661 2068 696 2127 ad
721 2069 822 2127 bonos

137 2166 260 2210 eventus
271 2167 397 2209 vertente
407 2146 688 2224 fortunaffrajicete
698 2166 819 2208 amnem

137 2250 205 2289 cum
222 2229 323 2289 ceteris
332 2228 423 2306 copiis
431 2229 460 2287 in
477 2229 624 2308 regionem
641 2228 761 2296 insulae,
779 2227 821 2287 de*

137 2330 193 2385 qua
205 2328 271 2369 ante
282 2309 388 2369 (lictum
399 2326 459 2377 est,
471 2311 587 2385 putabat
598 2346 607 2373 ‚
620 2328 720 2367 averso
731 2306 821 2365 hoste

139 2389 168 2447 in
179 2410 252 2457 eos,
272 2389 319 2465 qui
332 2410 398 2448 cum
409 2386 567 2448 Ptolemaeo
582 2385 745 2445 inferiorem
758 2388 814 2443 ob-

142 2470 268 2528 sederant
281 2469 392 2546 tipum3
409 2486 475 2528 eum
486 2468 614 2545 procella
624 2466 746 2525 imbrem
764 2464 819 2524 vim

142 2547 292 2608 subiectis
314 2548 494 2607 tolerabilem
519 2546 626 2607 effudit.
653 2545 815 2619 Obrutique

144 2627 245 2688 milites
263 2629 364 2686 nimbo
375 2628 411 2686 in
429 2644 535 2685 terram
555 2628 739 2707 refugerunt,
761 2644 818 2683 na·-
849 2684 851 2691 ,

144 2709 223 2789 rigiis
241 2709 402 2783 ratibusque
423 2707 545 2767 desertis.
560 2708 614 2766 Sed
635 2706 815 2765 tumultuan-

144 2788 211 2846 tium
237 2787 390 2854 fremitus,
414 2788 637 2863 obstrepentibus
666 2784 753 2859 ripis,
778 2786 823 2845 ab

92 2902 105 2927 0
145 2864 219 2929 hoste
227 2888 287 2930 non
298 2883 412 2947 poterat
421 2864 521 2928 audiri.
536 2864 649 2928 Deinde
660 2882 820 2927 momento
