2350 3967
342 437 394 506 148
515 429 568 508 Q.-
597 428 837 500 CURTII

336 549 412 593 sorte
429 545 570 607 corrupta·
585 535 744 607 Acceperat
758 530 788 590 in
804 529 898 588 sinum
912 527 1015 591 filiunt

336 609 465 670 nondum
485 627 595 670 sextum
614 610 700 668 aetatis
716 628 823 668 annum
839 625 1006 688 egressum,

333 689 366 748 in
377 707 455 768 sporn
466 689 689 756 tantationum,
699 687 929 764 quantampaulo
939 705 1009 746 ante

334 785 417 843 pater
428 767 487 845 ejus
500 769 647 835 amiserat,
670 767 810 845 genitum.
833 770 874 825 At
889 765 919 855 in
935 785 1006 845 gre-

335 849 397 906 mio
423 867 492 906 anus
512 849 581 908 aviae
604 845 732 922 jacebant
754 845 855 904 adultae
879 848 1007 922 virgines

334 925 418 992 duee,
438 944 496 984 non
514 945 570 985 suo
592 940 723 992 tantum,
745 924 792 982 sed
818 923 906 983 etiam
925 921 1005 982 illius

335 1024 458 1062 moerore
475 1003 621 1065 confecta.
632 1005 735 1082 ingens
750 1003 826 1063 circa
839 1003 905 1062 eam
917 1001 1005 1062 nobi-

334 1083 406 1142 lium
415 1082 585 1142 feminarum
593 1084 672 1143 turba
683 1083 846 1142 constiterat
854 1119 864 1149 ‚
872 1079 1005 1142 laceratis

333 1159 471 1232 crinibus,
483 1161 658 1238 'abscissaque
668 1179 760 1242 ueste,
773 1157 881 1249 pristini
891 1159 1005 1220 decoris

333 1239 536 1310 immemores,
553 1238 688 1319 reginas,
709 1237 906 1316 dominasque,
928 1237 1005 1301 veris

333 1319 496 1396 quondam,
507 1336 574 1380 tunc
585 1319 685 1379 alienis
692 1319 854 1378 nominibus
863 1316 1005 1380 invocan-⁴

334 1417 386 1462 tes.
401 1398 460 1459 lllae
471 1419 524 1458 suae
537 1398 705 1458 calamitatis
715 1397 830 1467 oblitae,
842 1411 904 1456 utro
916 1415 1005 1456 cornu

332 1474 443 1538 Darius
457 1474 582 1536 stetisset
596 1495 610 1546 ;
630 1495 689 1553 quoe
696 1473 812 1550 fortuna
826 1473 1004 1538 discriminis

326 1553 460 1630 suisset?
476 1553 663 1631 requirebant.
674 1554 827 1634 Negabant
836 1573 868 1614 se
881 1570 1004 1634 captam

333 1631 360 1692 si
371 1633 475 1702 uiueret
485 1653 544 1710 rest.
557 1632 611 1692 sed
621 1634 704 1693 illum
712 1655 803 1710 equos
812 1633 927 1695 subinde
938 1656 1004 1695 mu·

334 1729 443 1771 tantem
457 1711 569 1792 longius
580 1711 647 1790 fuga
657 1713 818 1775 abstulerat.
831 1716 865 1775 ln
874 1714 937 1774 acie
947 1737 1002 1775 au·⁶

332 1809 393 1852 tem
411 1811 480 1851 caesa
499 1805 562 1849 sunt
579 1790 726 1869 Persarum
741 1791 868 1868 peditum
884 1810 1003 1856 centum

332 1869 446 1939 millia,
462 1869 561 1929 decem
573 1890 642 1932 veto
653 1869 746 1947 millia
756 1871 901 1932 interfecta
917 1874 1002 1956 equi-

334 1967 408 2010 tum.
433 1949 474 2009 At
495 1966 629 2026 exparte
649 1949 805 2010 Alexandri
827 1948 949 2028 quatuor
972 1971 1004 2016 et

335 2027 479 2108 quingenti
493 2028 579 2088 saucii
595 2029 692 2100 fitere3
709 2029 823 2109 triginta
835 2031 959 2093 omnino
971 2051 1003 2094 et

334 2107 391 2168 duo
410 2127 446 2166 ex
461 2105 598 2183 peditibus
614 2105 759 2168 desiderati
776 2126 859 2169 sunt:
871 2111 1003 2186 equitum

333 2202 448 2246 centurn
471 2182 673 2265 quinquaginta
692 2187 843 2252 interfecti.
870 2189 1002 2256 Tantulo

335 2263 591 2344 impendioingens
599 2265 719 2326 victoria
729 2268 814 2330 stetit.

279 2421 280 2426 η
375 2343 452 2404 Car.
465 2341 531 2402 x11.
544 2344 608 2403 Rex
619 2345 665 2404 diu
677 2345 798 2406 Darium
807 2349 1004 2427 persequendo

332 2421 483 2503 fatigatus,
503 2439 687 2500 posteaquam
705 2441 733 2484 et
748 2435 813 2485 no'x‘
827 2432 1003 2504 appetebat,

239 2564 242 2570 Δ
336 2521 365 2562 et
380 2523 447 2564 eum
457 2503 619 2580 assequendi
630 2523 691 2580 spes
704 2524 763 2564 non
773 2521 852 2575 erat3
871 2507 900 2565 in
913 2526 1005 2571 castra

332 2583 423 2659 ‚paulo
442 2598 507 2642 ante
526 2603 542 2641 a
561 2581 616 2661 suis
632 2601 714 2660 capta
730 2584 868 2660 pervenit.
881 2582 1004 2649 Invitari

337 2659 436 2720 deinde
446 2659 566 2728 amicos,
579 2661 677 2736 quibus
686 2661 813 2736 maxime
822 2683 1003 2737 assueverat,

336 2737 437 2816 jussit3
461 2739 562 2816 quippe
583 2759 693 2798 summa
711 2741 865 2815 dumtaxat·
880 2745 953 2811 cutis
972 2749 1004 2806 in

332 2819 446 2878 femore
460 2817 603 2903 perstricta
613 2839 672 2881 non
687 2817 855 2900 prohibebat
869 2822 1006 2898 intetesse
