2350 3967
336 461 530 530 LIBER
567 466 692 533 v111.
787 479 849 549 405

167 585 223 630 ruo
239 579 358 648 pectore
376 582 483 646 tergum
501 565 579 627 illius
599 587 661 630 esse
678 565 850 646 defensum
933 587 941 656 j

157 664 248 708 mune
254 647 476 728 postquamtunn'
483 647 578 708 meriti
583 648 848 732 preteribimus,

169 727 263 788 etium
284 725 445 788 memorium
465 725 586 788 invisum
606 747 667 788 etse
685 727 849 810 proclamat.

157 804 270 882 gllrttli
296 822 410 884 quoque
436 805 539 866 cedern
560 807 735 885 objiciebam
761 828 790 872 et
811 810 848 871 ad

169 886 312 946 ultimum
321 886 425 955 lovis,
442 905 530 963 quem
539 906 648 964 patrem
658 887 710 948 sibi
720 891 849 952 Alexan·

158 965 225 1026 =der
239 982 396 1035 assereret,
416 966 717 1038 oraculunueludens,
737 969 848 1030 veriora

170 1062 205 1104 se
224 1043 311 1124 regi,
328 1063 408 1122 quarn
420 1062 526 1124 putrem
536 1046 597 1123 ejus
610 1045 786 1128 respondisse
801 1049 847 1109 di-

157 1127 268 1185 nebat.
287 1124 356 1190 Jam
376 1141 488 1184 tantum
506 1126 554 1185 irae
574 1146 745 1204 conceperat
765 1149 847 1199 rex,

169 1222 315 1280 quantum
326 1203 378 1265 vix
388 1204 496 1264 sobrius
504 1205 576 1264 ferte
586 1208 733 1282 potuisset.
743 1208 847 1269 Enim·

168 1301 248 1346 vero
261 1283 334 1343 olim
344 1301 427 1343 tuero
445 1285 570 1345 sensibus
583 1286 688 1355 victis,
711 1305 747 1346 ex
768 1289 846 1348 lecto

168 1381 291 1440 repente
304 1363 446 1441 prosiluit.
460 1364 586 1424 Attoniti
598 1365 684 1425 amici
698 1385 735 1426 ne
748 1367 848 1444 positis

167 1442 312 1536 guidem,
337 1442 385 1503 sed
398 1442 513 1534 abjectis
525 1445 638 1525 poculis
652 1465 848 1528 consurgunt,

167 1543 202 1582 tn
216 1539 355 1585 eventum
367 1541 431 1591 tet,
451 1543 538 1598 quam
550 1541 632 1584 tanto
646 1543 754 1603 impetu
763 1545 845 1587 actu·

157 1624 218 1664 sut
231 1619 325 1671 esset,
344 1601 457 1666 intenti.
474 1602 637 1664 Alexander
650 1623 728 1682 raptu
745 1606 846 1667 lancea

169 1701 208 1742 ex
217 1683 351 1742 manibus
360 1681 510 1762 armigeri,
522 1681 633 1744 Clitum
643 1683 733 1746 adhue
744 1683 845 1746 eadem

166 1762 276 1842 lingue
297 1760 514 1839 intemperantia
538 1761 679 1824 furentem
699 1782 845 1842 percutere

153 1860 309 1910 emarus,
323 1839 681 1904 aPtolemaeoetPerdicca
690 1844 844 1906 inhibetur.

153 1921 304 1982 -Medium
313 1919 461 1998 complexi
471 1938 501 1980 et
510 1921 650 1996 obluctari
662 1943 845 2001 perseveran-

153 2017 229 2063 tem
245 2001 431 2076 morabantur
445 2024 456 2061 t
471 1998 662 2078 Lysimachus·
671 2021 699 2062 et
711 2001 845 2064 Leonna-

160 2099 211 2142 tus
222 2082 455 2142 etiamlanceant
464 2081 648 2142 abstulerant.
657 2082 709 2142 llle
718 2083 845 2144 militum

137 2189 140 2194 ’
162 2161 254 2222 fidem
270 2161 451 2238 implorans,
466 2157 654 2238 comprehendi
672 2182 706 2222 se
718 2183 736 2222 α
746 2162 845 2244 proxi·

153 2239 221 2301 unis
237 2239 410 2309 amicorum,
425 2238 500 2319 ‘quod
515 2240 604 2301 Durio
619 2262 656 2302 nu
674 2263 705 2302 er
720 2241 846 2305 accidit-

93 2343 97 2352 ·
163 2337 233 2391 ret,
253 2320 419 2392 exclamat3
441 2319 604 2400 signumque
626 2261 690 2382 nult
708 2320 770 2382 dari
781 2361 791 2392 ,
813 2339 844 2382 ur

161 2398 201 2460 orl
211 2398 323 2480 regium
331 2397 434 2459 armati
445 2399 571 2468 coirent,
582 2401 674 2477 jubet.
683 2401 763 2462 Tum
772 2419 844 2464 vero

160 2479 337 2540 Ptolemaeus
355 2496 386 2539 et
402 2478 551 2540 Perdiccas
575 2480 695 2558 genibus
716 2480 845 2543 advoluti

160 2575 270 2627 orant,
292 2579 329 2618 ne
342 2557 373 2616 in
387 2573 446 2617 rum
453 2556 592 2639 precipiti
610 2557 846 2638 ira-perseueret,

161 2638 339 2718 spatiumque
351 2636 449 2717 potius
468 2637 562 2698 animo
578 2635 638 2701 det.
659 2637 764 2700 Omnia
776 2657 844 2719 par-
893 2651 896 2658 ’

164 2735 225 2778 tero
244 2716 291 2777 die
312 2715 419 2796 justius
444 2735 646 2780 exsecuturum.
666 2719 846 2782 Sedunum

157 2816 245 2859 eram
257 2816 357 2866 autes,
372 2799 555 2876 obstrepente
565 2798 618 2858 ira.
633 2799 733 2877 Itaque
744 2799 844 2878 imposs

159 2888 232 2956 letis,
242 2877 335 2946 animi
349 2877 489 2960 percurrit
503 2877 638 2960 integre
647 2879 845 2959 nubtum,
