2350 3967
282 386 339 446 IN
375 388 411 451 Q.
448 391 651 447 cunrlttrr
681 397 713 451 l.
746 398 770 453 i·
836 406 874 463 ἡ,

180 478 281 531 stater
304 494 377 529 trans
393 480 487 531 Istrum
502 485 648 535 attineretur
662 506 673 548 ,·
687 487 820 551 populares
841 489 873 541 ad

180 560 254 595 arma
269 544 393 608 capienda
404 545 503 611 impulit
511 585 520 607 ,
528 548 589 599 inita
599 550 715 603 societate
724 572 779 604 cunt
791 556 872 607 Glau·

179 612 223 661 cia
251 628 318 677 rege
340 612 510 679 lllyriorum,
533 616 575 680 qui
595 619 715 670 Taulantii
736 638 871 674 vocantur.

179 678 329 729 Autariatre
352 678 402 729 alin
423 680 494 731 natio
516 680 565 731 iter
586 684 700 736 facientes
719 690 869 740 Macedonas

180 744 331 812 aggressuri
352 750 454 798 fuerant
470 765 478 797 t
497 750 541 799 sed
563 752 683 817 langarus
701 754 868 820 Agrianotum
916 795 920 802 .

180 829 253 872 ω,-
263 814 417 865 Alexandro
432 814 509 872 lidus,
530 816 606 879 petiit
619 836 646 869 nt
661 820 707 872 tibi
719 840 801 873 cutam
814 842 867 875 tum

177 884 344 947 permitterer
367 903 375 932 ,·
400 899 449 934 stre
473 885 538 935 domi
560 882 648 937 lorum'
661 903 756 939 tantum
775 892 866 958 negotii

179 948 242 1015 ipsis
257 965 480 1016 comparaturum,
494 965 522 1000 ut
534 954 641 1003 animum
653 972 670 1004 a
683 958 798 1008 vexandis
811 959 867 1008 Mn·

174 1016 320 1069 strionibus
335 1016 367 1067 ad
381 1033 427 1067 sua
443 1016 531 1068 tuenda
546 1022 684 1073 conversuri
698 1039 785 1074 ttsrtrt.
803 1024 866 1075 Col·

178 1080 315 1133 laudatum
327 1082 450 1147 donisque
463 1082 592 1149 magnifice
601 1089 693 1137 cultum
704 1088 816 1148 juvenem
827 1090 867 1141 di·

180 1147 256 1200 misit
272 1166 342 1209 re13
361 1148 437 1199 etiam
453 1150 545 1201 sororis
562 1154 635 1219 Cyntt
649 1154 747 1218 nuptias
760 1155 866 1221 pollici·

178 1229 240 1273 tut,
259 1233 338 1281 quant
352 1232 382 1267 ex
399 1216 484 1283 illyria
498 1216 600 1269 muliere
617 1236 754 1285 susceptam
768 1225 864 1291 Amyn-

178 1297 210 1333 ιε
225 1282 256 1333 in
275 1281 465 1335 matrimonium
481 1285 581 1337 dederat
596 1304 675 1351 pater.
692 1292 724 1339 Et
739 1290 866 1356 Agrianus

177 1349 287 1413 quidem
302 1348 450 1415 promissam
464 1354 566 1415 operam
577 1354 693 1419 prestitit
704 1359 762 1415 3sed
776 1360 865 1409 morbo

178 1434 351 1483 correptum,
370 1434 401 1469 ne
418 1434 491 1483 pacta
507 1422 622 1472 mercede
638 1425 779 1482 frueretur,
795 1423 865 1477 brevi

176 1500 323 1536 consecuta
336 1502 405 1536 mors
418 1486 545 1549 prevenit.
560 1493 598 1539 lta
613 1489 731 1541 cohibitis
744 1491 866 1543 Autaria-

178 1550 212 1601 tis
228 1552 287 1603 siue
305 1552 442 1605 certamine
455 1552 551 1605 Pelium
567 1572 712 1619 perventum
727 1573 782 1618 est,
799 1559 865 1611 Des-

178 1620 278 1671 saretiae
302 1620 443 1684 oppidum,
460 1621 585 1672 Eordaico
607 1622 703 1675 flumini
721 1624 862 1681 imminens.

176 1688 295 1749 Speciem
310 1703 420 1753 pugnam
432 1689 597 1753 expetentium
611 1692 749 1755 prebebant
761 1694 845 1745 hostes
851 1730 863 1754 ,

177 1769 206 1804 et
218 1756 295 1806 velut
311 1771 397 1807 mantis
414 1754 551 1807 conserturi
565 1773 631 1809 extra
644 1758 756 1823 presidia
771 1778 812 1811 rut
825 1766 862 1814 fe·

177 1822 279 1873 totiter
301 1838 485 1886 procurrerant.
509 1825 555 1875 Sed
581 1824 721 1891 priusquam
744 1828 858 1892 proelium

178 1888 316 1941 committi
336 1905 436 1955 posset,
456 1894 601 1955 refugerunt
616 1906 624 1950 3
640 1892 701 1943 licet
721 1908 861 1958 opportuna

177 1957 256 2017 locs,
278 1955 399 2023 silvisque
422 1972 449 2009 et
467 1956 572 2008 callibus
591 1957 709 2021 impedita
730 1963 861 2027 precepis-

176 2040 244 2077 sent.
259 2025 366 2077 Foedum
381 2023 417 2077 ibi
432 2025 602 2091 spectaculum
615 2026 780 2079 Macedonum
796 2046 862 2081 ocu.

176 2090 209 2141 lis
242 2093 375 2152 objectum
405 2108 453 2143 est.
483 2096 543 2143 Tres
565 2092 635 2157 pueri
663 2130 671 2154 ‚
702 2095 859 2163 totidemque

172 2162 266 2223 puella
285 2176 343 2210 cum
360 2158 439 2211 tribus
453 2158 533 2225 nigris
551 2158 666 2213 arietibus
680 2167 780 2230 confusa
791 2180 857 2215 stra-

174 2243 207 2292 ge
223 2228 345 2291 jacebant
359 2244 366 2287 ;
387 2244 450 2293 quos
467 2225 700 2296 barbati'sactilcgo
723 2248 790 2281 sacro
807 2234 856 2285 diis

173 2294 223 2345 suis
249 2295 448 2345 immolaverant
465 2329 472 2353 ,
492 2310 541 2359 quo
563 2298 707 2363 pugnaturis
729 2298 855 2351 audaciam

173 2358 337 2427 inspirarent.
356 2362 403 2413 Sed
420 2360 513 2415 vindex
528 2378 617 2413 numen
633 2366 743 2416 scelestis
761 2367 855 2417 menri-

173 2428 217 2481 bus
241 2447 293 2494 pro
318 2428 415 2481 virtute
433 2429 577 2481 vecordiam
598 2430 690 2494 injecit.
714 2436 769 2484 Rex
789 2432 855 2484 intre

173 2500 263 2548 munia
286 2498 432 2563 compulsos
448 2496 526 2547 ducto
543 2498 666 2549 exteriore
681 2516 753 2549 muro
774 2499 855 2550 inter·
933 2512 937 2528 ·

172 2566 275 2621 cludere
293 2580 416 2617 statuerat
432 2581 440 2621 3
463 2581 521 2614 cum
540 2565 663 2627 postridie
680 2583 736 2614 cum
759 2566 853 2632 magnit

172 2631 361 2684 Taulantiorum
381 2631 468 2697 copiis
489 2628 609 2681 Glaucias
625 2630 735 2683 advenit.
750 2634 788 2683 lta
808 2650 854 2699 spe

169 2700 294 2765 capienda
308 2697 387 2752 'urbis
410 2700 515 2763 abiecta
529 2734 541 2757 .,
565 2701 691 2762 quomodo
715 2715 771 2751 tuto
798 2700 851 2753 dis-

169 2770 266 2819 cederet
279 2807 290 2829 ,
314 2768 463 2835 cogitabat.
488 2762 592 2825 Interim
612 2766 713 2818 Philota
733 2783 787 2817 cum
810 2769 851 2831 ju.

167 2836 256 2893 utentis
273 2836 464 2895 struentibus,
486 2845 514 2883 et
533 2832 647 2896 presidio
667 2832 775 2903 equitum
794 2838 851 2898 fre,
900 2904 903 2909 ·
