2350 3967
366 491 424 556 ιςι
542 479 583 558 Q.
626 469 865 542 cunrr't

363 574 477 656 Vixque
499 579 559 638 ulla
580 580 682 640 domus
703 581 848 656 purpurati
869 578 925 640 fuit
951 591 1045 642 tanti!

363 660 448 720 cladis
477 677 586 736 expett.
617 657 825 720 Lacedaemonii
858 678 978 736 quoque
1011 676 1044 721 et

361 728 548 828 Athenienses
567 737 708 799 societatis
727 737 784 797 fide
806 738 915 799 violata
937 737 1044 798 Persas

362 815 472 888 secuti,
492 817 690 954 Aristoppom
706 815 850 893 Dropides
863 832 892 876 et
903 814 1043 891 Iphicra-

362 912 429 963 tes,
453 895 524 955 inter
555 898 595 956 At
615 915 743 955 emensos
769 914 873 985 genere
899 895 1043 972 famaque

362 973 627 1052 longeolatirtimi:
638 973 863 1042 Lacedaemonii,
877 971 1042 1050 Pausippus

362 1069 391 1112 et
403 1053 660 1120 Onomastorides,
673 1070 739 1113 cum
753 1053 889 1115 Monimo
898 1070 929 1112 et
939 1053 1040 1114 Calli-

362 1127 523 1198 enodes
504 1151 525 1189 ιι
542 1149 639 1209 quoqu
640 1151 657 1191 e
675 1130 755 1191 domi
771 1130 893 1192 nobiles.
911 1131 1038 1192 Summa

361 1209 487 1286 pecunia
498 1209 611 1289 signate
624 1211 677 1272 fuit
687 1212 859 1271 talentorum
869 1209 927 1298 duo
939 1211 1039 1272 millia

301 1299 303 1305 '
362 1301 392 1348 et
400 1287 752 1379 sexaginta‚factrargentt
760 1287 868 1365 pondus
876 1308 1037 1368 quingenta

363 1370 500 1443 aequabat.
524 1367 660 1430 Ptaeterea
679 1367 793 1446 triginta
816 1366 909 1426 millia
929 1365 1036 1428 homi-

361 1465 432 1504 num
444 1485 455 1514 ‚
477 1466 544 1506 cum
556 1465 665 1525 septem
674 1444 820 1506 millibus
812 1461 1012 1522 jumentorum
1024 1485 1039 1516 ,

363 1523 448 1584 dorso
461 1543 548 1584 onera
565 1527 763 1601 portantium,
781 1540 863 1599 capta
880 1541 956 1584 sunt.
969 1524 1036 1586 Ce-

360 1619 475 1671 terum,
497 1603 549 1662 Dii
564 1621 648 1664 tantae
663 1605 781 1664 fortunae
793 1601 968 1678 proditorem
987 1623 1037 1664 se·

286 1711 292 1728 ·
361 1681 479 1758 pulturae
504 1681 633 1742 celeriter
660 1683 753 1742 debita
780 1701 864 1772 potnit
891 1682 1035 1757 persecuti

362 1780 436 1821 sunt.
447 1759 581 1836 Namque
589 1781 662 1822 unus
673 1782 690 1821 e
700 1761 821 1821 consciis
829 1760 908 1837 ejus,
921 1762 1032 1829 credo,

360 1839 433 1930 regis
443 1838 558 1906 vicem,
581 1839 669 1900 etiam
679 1839 710 1898 in
721 1839 773 1900 iila
784 1855 860 1898 sorte
871 1839 1035 1911 reveritus,

360 1915 499 1978 interfecti
510 1918 660 1994 proditone
671 1935 755 1996 caput
765 1916 800 1976 ad
811 1917 934 1978 Danum
945 1919 1031 1987 tulit,

363 2013 555 2071 opportunum
571 1998 706 2057 solatium
724 1996 862 2073 prodito:
880 1995 986 2084 quippe
1001 2013 1034 2057 et

360 2075 461 2132 ultus
452 2076 600 2134 inimicum
618 2093 700 2148 ειι·ι
721 2093 750 2136 et
767 2073 921 2137 nondum
908 2095 943 2134 ιιι
963 2097 1030 2136 om·

359 2151 440 2209 nium
466 2153 567 2210 animis
597 2156 769 2216 memoriam
793 2152 949 2233 majestatis
976 2175 1037 2216 sua

359 2229 518 2292 exolevisse
532 2233 677 2294 cernebat
