2350 3967
352 451 407 502 114
524 423 848 503 Q.cURT11

349 527 472 592 minibus
492 523 625 601 inclytus.
648 525 725 587 Fons
752 525 813 604 ejus
842 543 879 585 ex
904 543 1035 586 summo

330 629 334 649 ’·
350 605 457 669 montis
471 605 619 668 cacumine
632 623 801 674 excurrens,
817 603 848 662 in
863 603 1030 682 subjectam

329 706 457 766 Jpetram
479 703 587 764 magno
610 684 726 763 strepitu
752 704 891 760 aquarum
918 683 1033 745 cadit:

328 779 333 826 t
348 765 414 825 inde
431 763 560 832 diffusus,
579 763 777 840 circumjectos
793 763 866 841 rigat
880 781 1033 840 campos,

329 842 490 923 iliquidus,
512 861 541 902 et
559 865 622 906 suas
639 845 776 904 duntaxat
790 839 877 903 undas
896 841 1033 908 trahens.

327 915 450 1000 {Itaque
469 923 552 983 color
575 926 636 1004 ejus
659 920 776 1001 placido
798 921 871 981 mati
895 920 999 982 similis
1015 963 1030 993 ‚

329 999 450 1064 {locum
467 1000 622 1064 Po'e'tasum
640 999 793 1063 mendacio
808 998 901 1061 fecit:
920 1001 1033 1090 quippe

329 1099 332 1108 ’
350 1081 484 1143 traditum
503 1101 564 1153 est,
588 1078 733 1168 Nymphas
753 1099 846 1140 umore
863 1098 957 1139 auum
976 1101 1030 1142 re-

325 1155 332 1222 }
351 1177 470 1229 tentas,
498 1159 528 1220 in
549 1157 601 1222 tua
620 1181 686 1241 rupe
705 1156 864 1234 considere.
884 1157 1030 1223 Ceterum

325 1273 331 1328 k·
345 1239 488 1324 'quamdiu
506 1241 583 1302 intra·
594 1261 693 1325 muros
706 1238 792 1315 fluit,
815 1241 924 1302 nomen
941 1261 1031 1302 suum

324 1333 330 1356 ‘¹
351 1321 454 1382 retinet
464 1338 516 1381 aar
529 1343 597 1383 cum
607 1323 689 1380 extra
698 1319 881 1379 ‘munimenta
896 1339 925 1380 se
938 1322 1030 1383 evol-

350 1401 416 1470 vit,
437 1399 547 1478 majore
569 1401 601 1464 ui
626 1422 660 1462 ac
683 1398 764 1460 mole
784 1417 919 1478 agentern
938 1399 1036 1471 undas

353 1477 457 1561 Itycutn
463 1480 622 1558 appellant.
630 1477 793 1540 Alexander
801 1475 917 1555 quidem
925 1473 1040 1560 urbem

351 1559 514 1621 destitutam
532 1583 548 1622 a
565 1558 620 1620 suis
635 1560 746 1620 intrat:
766 1577 863 1618 arcem
881 1577 975 1631 vero,
998 1558 1034 1621 in

352 1659 440 1718 quam
463 1639 672 1720 confugerant,
692 1657 859 1718 oppugnare
879 1637 997 1702 adortus
1020 1685 1035 1713 ,

352 1717 571 1784 caduceatorem
586 1715 740 1796 praemisit,
757 1716 806 1796 qui
822 1716 1036 1793 denuntiaret,

354 1797 385 1859 ui
407 1795 560 1868 dederent,
584 1797 662 1878 ipsos
682 1793 779 1856 ultima
800 1815 863 1857 esse
882 1817 1043 1878 passuros:

353 1879 403 1960 Illi
424 1877 643 1946 caduceatorem
660 1879 691 1938 in
711 1876 844 1947 turrim,
869 1894 899 1938 et
921 1879 976 1941 situ
1003 1898 1038 1957 et

355 1978 442 2038 opere
454 1959 578 2020 multum
588 1957 712 2026 editam,
727 1957 914 2036 perductum
927 1977 1037 2039 quantu

356 2055 432 2101 esset
444 2037 584 2110 altitudo,
602 2036 704 2099 intueri
719 2037 836 2116 jubent,
857 2057 890 2097 nc
902 2039 1038 2102 nuntiare

354 2117 519 2208 Menandro
538 2157 549 2189 ,
569 2138 625 2179 nort
636 2116 744 2208 ‘eadem‘
760 2117 851 2208 ipsura
876 2133 904 2177 et
922 2117 1039 2210 incedas

355 2213 542 2258 aesumuuone
567 2214 736 2258 munumenra
759 2214 851 2258 meurr
870 2221 880 2257 s
900 2218 933 2259 se
956 2217 1036 2260 serre

356 2275 587 2368 inexpugnabiles
599 2296 686 2350 esse,·
699 2275 736 2337 ad
746 2275 891 2347 ultimum,
909 2298 958 2363 pro
968 2275 1037 2358 fide

358 2355 1040 2430 monturo's.Ceterumutcircumsideriarcem,

356 2455 387 2498 et
397 2437 496 2498 omnia
509 2439 561 2498 sibi
569 2439 600 2499 in
610 2437 669 2498 dies
678 2437 799 2499 arctiora
813 2437 944 2500 viderunt
954 2457 1039 2501 esset

357 2515 509 2598 sexaginta
527 2515 631 2580 dierum
648 2515 778 2578 inducias
792 2517 890 2608 pacti,
906 2534 958 2588 ut,
974 2517 1041 2592 uisi

358 2598 437 2657 intra
454 2617 501 2658 eos
518 2596 655 2660 auxilium
665 2595 776 2658 Darius
793 2595 864 2677 apris
880 2593 1010 2658 misisset
1024 2602 1041 2669 ,‘

361 2675 492 2736 dederent
507 2676 599 2738 urbem
611 2695 782 2755 :postquam
794 2676 867 2739 nihil
882 2676 950 2738 inde
965 2697 1041 2756 pta·

359 2756 422 2816 sidii
437 2757 618 2835 mittebatur,
637 2757 671 2816 ad
684 2756 865 2833 praestitutam
876 2757 955 2820 dtem
970 2779 1043 2836 pen·

356 2830 462 2898 mitdre
477 2857 507 2900 aa
522 2837 597 2920 regi.
609 2835 931 2918 Superreniuntdcindo
947 2837 1043 2923 iegati
