2350 3967
303 403 407 526 itus
517 445 846 528 Q.-ctJ1tT11

351 549 424 628 jor,
443 547 581 610 exercitus
599 546 692 624 impar
712 566 855 616 numero,
878 545 928 608 sed
947 546 1031 633 jugis

349 627 493 688 montium
511 627 651 706 vastisque
674 627 789 686 saltibus
814 645 997 704 repercussus
1013 653 1027 692 s

349 706 577 786 quippesemper
595 705 779 784 circumjecta
794 720 915 769 nemora
926 726 1027 785 petrae

350 806 406 862 que
423 826 433 856 ‚
451 805 710 864 quarumcumque
728 804 864 861 accepere
885 806 1025 858 rocem,

349 865 540 945 multiplicato
551 886 624 926 sono
632 864 765 926 referunt.
777 865 944 926 Aiexander
951 885 1023 928 aute

347 946 440 1038 prima
462 946 541 1026 signa
561 945 648 1013 ibat,
668 943 823 1004 identidem
840 965 931 1005 manu
952 965 1024 1008 suos

347 1023 497 1096 tnhibens3
514 1043 550 1084 ne
569 1024 711 1100 suspensi,
729 1023 819 1083 acrius
837 1027 876 1085 ob
892 1024 1024 1087 nimiam

347 1103 560 1164 festinationem
579 1103 725 1163 concitato
741 1102 859 1178 spiritu,
880 1120 1019 1182 capesse·

346 1199 410 1273 sent
420 1184 540 1253 bellurn.
552 1180 685 1260 Cumque
696 1202 799 1262 agmen
812 1183 1017 1260 obequitaret,

344 1282 424 1326 varta
435 1262 585 1330 oratione,
603 1279 635 1320 ut
648 1261 783 1339 cujusque
792 1261 897 1321 animis
911 1279 1018 1339 aptum

345 1357 430 1412 etat,
455 1341 559 1402 milites
584 1341 792 1418 alloquebatur.
814 1339 1016 1412 Macedones,

296 1445 309 1468 2
344 1437 385 1482 tot
403 1417 531 1481 bellorum
546 1418 575 1478 in
595 1415 704 1499 Europa
720 1417 858 1488 victores,
877 1419 915 1480 ad
931 1418 1024 1481 ruer·-

340 1498 461 1591 gendam
476 1498 576 1558 Asiam
592 1515 672 1575 atpue
682 1495 780 1558 ultima
789 1495 920 1559 Orientis
931 1541 943 1568 ‚
955 1519 1017 1560 nora

343 1577 434 1659 ipsius
445 1576 555 1658 magis,
571 1596 651 1654 quam
663 1596 712 1636 ruo
723 1575 806 1636 ductu
814 1578 953 1656 profecti,
965 1577 1015 1639 in·

342 1674 473 1720 veteratae
492 1654 608 1718 uirtutis
618 1656 854 1720 admonebantur.
865 1655 935 1718 illos
951 1675 1016 1718 ter·-

342 1756 436 1798 rarum
454 1734 526 1796 orbis
548 1732 730 1804 liberatores,
751 1755 926 1815 emensosque
943 1734 1023 1798 oliae,

342 1811 475 1876 Herculis
494 1831 521 1876 er
542 1809 640 1874 Liberi
658 1813 748 1893 patris
761 1815 920 1886 terminos,
952 1837 1012 1876 non

340 1891 439 1956 Persis
456 1891 551 1963 modo,
569 1890 719 1954 sedetiam
736 1893 861 1956 omnibus
876 1892 1022 1974 geruinus»

340 1971 517 2054 imposituros
529 1973 644 2052 jugan:
657 1971 843 2036 Macedonum
858 1973 962 2036 B‘atrra
979 1989 1023 2036 et.

339 2051 426 2114 indos
433 2051 508 2129 fore.
518 2050 644 2111 Minima
656 2071 739 2123 esse,
758 2073 899 2132 quaenunt
910 2052 1009 2114 intue-

341 2148 466 2199 rentur,
492 2128 542 2190 sed
568 2129 661 2193 omnia
681 2130 790 2194 uictori·
826 2132 914 2196 arari.
935 2132 1009 2195 Nor

337 2209 483 2292 praeruptis
497 2208 589 2290 petris
601 2207 755 2292 Illyriorum
768 2227 796 2272 et
805 2153 938 2274 ‘insacia
952 2232 1006 2273 sa·

340 2287 390 2351 rtis
409 2287 533 2350 sterilem
551 2287 670 2352 laborem
685 2289 782 2366 form
807 2289 899 2372 spolia
917 2291 1021 2352 totitas·

337 2364 467 2430 Orientis
483 2366 659 2448 offerrisix
667 2367 898 2451 gladiofuturum
913 2389 1005 2451 opus,·

335 2464 423 2513 raram
440 2448 528 2510 aciem
540 2469 589 2514 suu
600 2448 888 2529 pauoreflucruamern
905 2449 1003 2510 umbo·

335 2527 419 2589 nibus
432 2548 516 2608 posse
531 2527 657 2608 propelli.
669 2525 699 2591 V
696 2531 767 2590 irtor
784 2527 821 2589 ad
839 2527 898 2590 iret
914 2526 1004 2591 Arte·

336 2607 476 2670 niensium
508 2605 655 2688 Philippus
679 2625 757 2687 pater
787 2609 1002 2672 invocabatur:

335 2685 497 2766 domitoque
513 2707 597 2767 nuper
613 2687 727 2748 Boeotire
743 2707 756 2761 ;
778 2705 806 2748 et
829 2687 904 2750 urbis
922 2687 955 2750 iu
967 2707 1001 2748 ea

334 2763 516 2828 nobilissime
535 2766 571 2827 ad
588 2764 676 2828 solum
699 2764 814 2837 dirutas,
828 2768 937 2845 speeies
951 2787 1000 2828 re·

332 2849 550 2929 presentabant
562 2845 752 2917 animisdau
767 2845 923 2914 Granicum
938 2867 1018 2916 aaa
