2350 3967
353 447 406 502 '5³4
452 434 482 491 3.
516 429 705 492 PREINS'H·
738 429 938 492 sorranus

354 529 401 580 dos
415 527 483 580 urbes
499 528 636 596 opportunis
650 529 710 579 locis
722 529 816 578 cernui
832 527 924 587 iasdr,
941 545 969 580 ne
979 527 1025 582 aii

353 597 426 646 ducto
449 597 554 648 rxrrcitu
573 595 632 658 feru
654 612 714 662 geras
739 594 899 646 obediendam
921 613 1023 650 meret·

351 661 431 712 Motis
443 661 502 711 inde
519 659 605 712 castris
618 694 627 718 ,
646 675 674 711 ut
689 659 796 710 militem
807 661 973 725 expeditione
985 681 1022 714 re·

351 727 419 779 cenci
430 731 520 780 fessum
536 727 663 785 reficerer,
677 728 747 778 lento
761 726 860 793 agmine
873 730 1024 796 Babylonem

352 797 513 862 procedebat.
527 797 631 861 Jamque
642 793 685 846 vix
700 793 804 861 triginta
818 796 851 845 ab
864 797 928 846 urbe
940 797 1024 849 stadiis

352 863 439 914 aberat
448 880 456 924 3
469 879 524 914 cum
532 862 659 914 Nearchus
666 861 793 920 occurrit,
808 880 883 927 quem
893 880 939 927 per
948 867 1024 916 Occa-

353 945 413 982 num
428 947 454 982 er
465 930 597 994 Euphratis
610 927 674 980 ostia
688 927 839 996 Babylonem
855 930 1024 994 premiseratr

353 999 504 1064 orabatque,
522 1015 550 1050 rae
556 999 664 1064 fatalem
676 998 723 1050 sibi
732 996 813 1048 urbem
825 1002 905 1051 rrrllrr
921 1001 1026 1079 ingredi·

354 1067 508 1134 Campanum
523 1066 548 1116 ia
563 1065 610 1116 silai
623 1083 653 1117 tat
668 1065 804 1121 Chaldaeis,
821 1067 864 1130 qui
876 1070 966 1118 multrs
973 1073 1024 1131 ianr

350 1133 536 1250 ppaedpcrionabam
549 1133 679 1250 ¹everttiblaps
698 1133 763 1248 αξξ
784 1148 835 1182 aaaae
855 1135 1023 1248 aptitudinem

353 1215 369 1249 a
386 1215 418 1250 aaa
435 1217 446 1250 r
469 1215 497 1251 ro
513 1214 628 1250 tuirstat.
670 1215 699 1248 ex
758 1213 869 1248 aeorum
896 1215 1022 1258 ornanum,

351 1217 527 1332 constaniique
547 1265 726 1316 asseveratione
746 1279 854 1324 motus,
875 1265 985 1316 dimissis
999 1266 1025 1316 in

356 1331 441 1384 orbem
455 1331 588 1384 amicorum
602 1331 743 1398 plerisque,
762 1331 809 1381 alia
826 1332 867 1384 via
881 1349 972 1397 preter
984 1335 1026 1384 Ba·

353 1399 474 1466 bylonern
488 1398 574 1458 ducit,
594 1415 620 1450 ac
635 1398 747 1451 ducentia
761 1398 820 1450 inde
835 1399 925 1451 stadiis
938 1399 1026 1452 stativa

355 1466 436 1518 locat.
455 1468 501 1518 Sed
517 1467 547 1517 ab
564 1466 711 1517 Anaxarcho
726 1481 871 1531 peronatus,
895 1465 1025 1519 contemtio

355 1533 528 1586 chaldeorum
542 1532 666 1593 monitis,
684 1546 786 1598 quorum
803 1532 964 1597 disciplinam
978 1534 1026 1584 ina-

355 1615 413 1651 rrem
425 1617 647 1666 aut-supervacuam
656 1599 833 1654 arbitrabatur.
846 1601 934 1654 urbem
943 1601 1026 1654 intrat.

355 1667 505 1734 legationes
518 1685 549 1719 eo
564 1686 594 1720 ear
608 1667 725 1719 universo
733 1671 809 1718 ferme
821 1669 885 1718 orbe
901 1670 1026 1720 confluxe·

354 1749 420 1786 rant.
431 1735 526 1798 Quibus
536 1752 580 1800 per
589 1737 727 1800 complures
735 1735 788 1785 dies
796 1735 910 1788 studiose
918 1738 1023 1793 auditis,

354 1801 470 1868 deinceps
489 1803 520 1853 ari
537 1803 716 1868 Hephaeorionis
733 1802 846 1867 exequias
864 1804 958 1867 adjecit
975 1797 1027 1852 ani·

353 1887 431 1923 mum.
448 1873 506 1934 Quae
517 1888 613 1920 summo
628 1869 736 1920 omnium
749 1871 834 1920 undio
849 1868 884 1920 ita
900 1873 1026 1923 cerebrose

351 1953 425 1996 runt,
442 1953 469 1990 ut
483 1936 574 1988 nullius
583 1939 613 1988 ad
628 1937 654 1988 id
663 1954 759 2002 tempus
772 1936 838 2003 regis
852 1938 959 1998 feralia,
977 1957 1027 1988 ma-

352 2005 482 2073 gnitudine
490 2020 613 2056 sumtuum
622 2020 811 2070 ,apparatusque
821 2007 969 2057 celebritate
978 2021 1026 2056 non

351 2071 470 2124 vicerint.
483 2073 545 2122 Post
559 2073 608 2122 haec
624 2071 716 2137 cupido
730 2071 830 2122 incessit
844 2073 898 2139 regi
915 2091 960 2138 per
973 2074 1027 2122 Pal·

352 2140 466 2204 lacopam
481 2156 574 2189 amnem
588 2141 618 2190 ad
631 2140 742 2191 Arabum
753 2139 860 2190 confinia
872 2140 1026 2207 navigandi:

353 2223 402 2271 quo
419 2207 514 2264 delatus
530 2205 584 2258 urbi
601 2208 733 2258 condenda
753 2209 888 2257 commoda
909 2210 969 2258 sede
988 2224 1027 2258 re·

352 2287 423 2340 perta
433 2310 441 2333 ,
452 2274 594 2324 Gracorum
601 2289 672 2326 erate
680 2289 721 2326 aur
729 2274 874 2325 vulneribus
882 2274 1027 2332 invalidos,
1077 2306 1078 2319 a

347 2343 380 2390 'er
390 2340 410 2391 si
427 2339 467 2406 qui
476 2356 564 2404 sponte
573 2356 754 2400 remanserant,
771 2341 807 2392 ibi
823 2343 947 2394 collocat.
966 2341 1026 2405 Qui-

353 2407 399 2458 bus
417 2423 446 2457 ex
467 2407 588 2460 sententia
606 2410 721 2474 perfectis
740 2409 788 2470 iam
808 2411 888 2461 futuri
906 2427 1024 2466 maurus,

355 2473 482 2526 Chaldaeos
491 2475 626 2534 irridebat,
645 2480 704 2542 quod
715 2476 861 2546 Babylonem
874 2495 924 2529 nora
934 2481 1025 2546 ingres-

354 2557 505 2596 sarranium
520 2560 579 2596 esser
594 2546 737 2602 incolumis,
756 2561 842 2596 orrum
856 2547 933 2595 etiam
947 2561 1025 2598 raaces·

353 2611 435 2661 sisset.
454 2609 585 2660 Enimvero
604 2610 740 2661 revertenti
757 2627 800 2674 per
818 2611 948 2675 paludes,
969 2627 1024 2676 quas

353 2675 487 2740 Euphiates
502 2677 526 2728 iaa
539 2677 697 2741 Pallacopam
711 2678 799 2728 effusus
813 2678 918 2739 efficit,
933 2679 1024 2731 foe'dam
1075 2696 1076 2701 ¹

352 2757 428 2792 omen
439 2745 549 2796 oblatum
559 2760 606 2796 ear.
618 2743 718 2810 Quippe
732 2745 794 2795 rami
809 2747 917 2810 desuper
929 2745 1022 2809 impen-

353 2809 439 2882 dvtes
454 2813 592 2864 detractum
607 2811 683 2876 capiri
697 2811 768 2878 regio
783 2811 899 2864 diadema
917 2815 1022 2877 proiece-

352 2887 411 2931 runt
420 2876 446 2931 iar
459 2878 558 2936 fluctus.
575 2881 637 2936 Cum
654 2877 743 2932 deinde
758 2879 895 2947 aliasuper
907 2881 956 2943 alia
969 2895 1024 2946 pro·
