2350 3967
388 457 448 546 393
564 459 613 546 Q.
654 463 915 531 CURTH

387 567 632 637 mestaticos,
644 587 714 645 quos
724 568 805 628 inter
818 587 894 627 saxa
904 562 1054 648 defigerent,¹

386 645 551 724 ‚validosque
562 647 642 708 funes
652 650 803 725 parabant.
816 647 888 707 Rex
898 646 1054 707 circumter·

389 743 434 788 tus
443 744 577 803 pert-am,
599 747 654 803 qua
665 728 787 788 minime
802 745 896 804 asper
909 746 944 786 ac
955 745 1052 802 prarup

386 822 430 866 tur
439 805 531 866 aditus
539 805 701 878 videbatutt
717 807 851 868 secunda
863 805 984 887 vigilia,
997 801 1054 880 quod

387 884 462 944 bene
473 904 617 956 verteret,
635 885 744 966 ingredi
760 886 861 962 juber.
875 886 925 945 1111
937 883 1056 944 alimentis

387 962 420 1026 in
428 964 545 1025 biduum
554 965 652 1026 sirmtis
662 965 780 1045 ,gladiis
790 963 891 1024 modo
901 981 983 1039 arque
990 960 1055 1020 itastis

386 1043 490 1102 armati
501 1045 593 1106 subire
608 1062 765 1122 coeperunt.
780 1045 834 1105 Ac
850 1047 950 1122 primo
961 1042 1055 1120 pedibus

387 1120 505 1201 ingressi
522 1141 586 1184 sunt
604 1124 725 1186 rdeiude
744 1141 776 1184 ut
794 1125 828 1184 in
845 1137 989 1202 'praerupta
1000 1139 1053 1197 per·

389 1220 509 1264 ventum
524 1222 588 1274 est,
612 1205 662 1264 alii
678 1205 813 1264 manibus
830 1197 987 1264 eminentia
1002 1217 1068 1257 sara

389 1283 539 1359 complexi
551 1285 681 1345 levavere
697 1302 790 1344 semet
803 1305 815 1356 3
839 1284 891 1342 alii
902 1279 1009 1356 adjectis
1021 1277 1054 1334 u·

387 1361 472 1424 nium
492 1363 600 1439 laqueis
618 1381 752 1432 evasere,
776 1383 851 1423 cum
873 1380 978 1422 cuneos
994 1357 1051 1415 inter

390 1462 457 1501 saxa
473 1441 644 1522 defigerent,
664 1444 764 1519 quibus
778 1442 889 1522 gradus
902 1436 1008 1500 subinde
1017 1435 1051 1492 iu·

387 1521 527 1584 sisterent.
548 1521 638 1582 Diem
655 1520 728 1582 inter
748 1531 868 1584 metum
888 1521 1049 1589 laboremque

292 1605 295 1610 ’
387 1618 615 1662 consumserunt.
639 1601 692 1662 Per
712 1621 816 1678 aspera
839 1599 933 1660 enixis
955 1593 1046 1656 duriora

388 1680 550 1748 restabant,
565 1699 598 1748 ‚et
609 1701 733 1742 crescere
752 1679 881 1748 altitudo
895 1695 976 1757 petra
987 1671 1050 1762 ride·

387 1759 479 1818 batur.
506 1760 560 1819 1112
580 1779 651 1820 vero
679 1759 852 1822 miserabilis
874 1773 934 1820 erat
951 1753 1044 1816 facies,

385 1852 454 1898 curn
467 1837 509 1909 ii,
529 1861 601 1917 quos
619 1840 757 1902 instabilis
775 1839 883 1922 gradus
901 1831 1043 1915 fefellerat)

388 1935 426 1978 ex
438 1919 571 1996 praecipiti
583 1920 817 1986 devolverentur.
828 1961 831 1970 ·
841 1920 916 1979 Mox
927 1911 1012 1974 eadem
1020 1924 1041 1962 tu
1068 1989 1069 1994 ἵ

387 2016 418 2072 se
438 1999 569 2075 patienda
581 2000 765 2062 alieniorsus
778 1997 944 2062 ostendebat
960 2007 1040 2050 exem·

304 2121 310 2136 .
385 2076 479 2154 plum.
496 2077 551 2137 Per
562 2078 611 2140 has
622 2098 717 2140 tamen
729 2078 911 2141 difficultates
922 2070 1041 2156 euitussfflr

386 2155 418 2214 iu
445 2155 583 2217 verticem
608 2159 738 2227 montis,
765 2177 869 2220 ornnes
881 2217 884 2222 ,
897 2152 1038 2230 fatigatione

385 2234 545 2294 continuari
556 2238 662 2298 laboris
679 2238 770 2298 adecti
784 2259 795 2312 ς
817 2235 932 2316 quidam
949 2224 1038 2288 multati

384 2328 465 2392 parre
482 2319 679 2378 membrorum
691 2339 701 2388 ς
719 2319 882 2395 pariterque
895 2331 943 2372 eos
952 2322 978 2367 er
989 2317 1035 2360 nox

387 2407 417 2454 et
428 2414 544 2454 somnus
561 2397 710 2474 oppressit.
724 2395 823 2458 Stratis
834 2392 937 2474 passim
949 2399 1047 2468 corpo·

386 2472 463 2536 ribus
473 2474 503 2534 in
519 2475 603 2537 inuiis
619 2493 649 2536 et
659 2477 687 2536 in
700 2477 803 2553 asperis
815 2490 947 2536 saxorum
957 2505 965 2533 ,
975 2477 1035 2540 peu·

385 2554 445 2615 culi
464 2553 594 2616 instantis
613 2556 694 2616 obliti
711 2555 741 2616 in
755 2556 852 2618 lucem
870 2550 1031 2633 quietefssssf²

386 2632 557 2711 tandemque
573 2635 652 2696 velut
670 2655 706 2696 ex
724 2635 785 2696 alto
799 2647 902 2713 sopore
920 2635 1033 2687 excitati,

386 2713 513 2784 occultas
523 2713 716 2792 subjectasque
728 2715 794 2792 ipsis
803 2715 893 2776 valles
903 2708 1027 2786 rimantes·

384 2789 477 2871 ignari
487 2791 519 2853 iu
529 2814 584 2870 qua
600 2809 678 2871 parte
688 2812 771 2872 petre
790 2811 867 2855 tanta
880 2788 919 2850 vis
929 2782 1027 2868 hosffflffl

382 2870 500 2946 §ondita
510 2889 582 2934 esset
598 2895 606 2934 ε
620 2874 731 2938 funum
743 2895 841 2956 specus
855 2869 960 2934 infrare
971 2867 1029 2934 ¹P⁵⁰⁸
