2350 3967
321 465 516 534 arran
554 455 680 536 v'111.
777 479 861 548 407,

156 587 189 636 et
202 571 379 655 repugnanti
390 571 549 640 eimanibus
563 585 752 651 extorquent,
765 571 841 632 alle-

157 670 323 731 vatumque
340 654 374 712 in·
392 653 605 713 tabernaculum
626 652 764 714 deferunt.
785 652 841 712 lile

155 732 243 794 humi
257 749 448 811 prostraverat
457 752 561 808 eorpus
571 774 582 802 ,
592 733 701 814 gemitu
712 731 838 812 ejulatu·

157 833 219 892 que
235 812 394 873 miserabili
407 828 468 872 tota
487 831 656 890 personante
675 813 763 894 regia.
781 810 844 872 La·

156 895 243 954 niare
254 892 356 954 deinde
365 913 399 954 os
408 891 568 973 unguibus,
588 912 617 953 et
626 892 842 954 circumstanter

156 993 292 1053 rogare,
320 991 405 1032 nese
424 989 501 1031 tanto
519 969 646 1032 dedecori
664 971 840 1052 superstitem

159 1073 226 1113 esse
235 1068 407 1132 paterentur.
423 1052 455 1110 ln
469 1051 520 1112 has
532 1071 630 1129 preces
644 1069 703 1112 tota
714 1071 775 1113 non
787 1071 840 1112 ex·
900 1106 902 1110 .
926 1113 932 1120 ,

158 1150 225 1194 acta
244 1127 299 1193 es‘t.
317 1131 553 1209 scrutantemque
565 1171 576 1200 ‚
590 1153 654 1192 aum
665 1129 707 1191 ira
718 1133 839 1194 Deorum

158 1210 200 1273 ad
210 1227 318 1272 tantum
329 1207 410 1300 nefas
424 1228 502 1271 actus
512 1212 612 1272 esset?
628 1211 701 1272 subit
711 1210 843 1272 anniuer-

156 1291 271 1352 sarium
291 1287 464 1370 sacrifitium
486 1285 591 1350 Libero
608 1289 683 1370 patri
701 1311 756 1350 aaa
777 1309 840 1350 esse

157 1369 303 1438 redditum
320 1385 425 1430 statuto
442 1387 570 1451 tempure.
589 1366 685 1449 Itaque
701 1367 773 1430 inter
791 1368 838 1429 ui·
875 1431 881 1442 ,

157 1471 228 1511 aum
249 1466 278 1510 et
296 1447 391 1530 epulas
406 1448 481 1510 cade
500 1449 668 1519 commissa,
690 1448 760 1510 iram
776 1446 840 1510 Dei

148 1529 253 1608 fuisse
270 1527 459 1606 manifestam.
471 1529 607 1590 Ceterum
623 1529 759 1610 magiseo
770 1549 838 1588 mo·

154 1613 301 1678 vehatur,
317 1610 394 1687 quod
406 1609 539 1670 omnium
550 1611 710 1672 amicorum
724 1608 838 1670 animos

156 1691 279 1753 videbat
293 1691 451 1751 attonitos:
463 1689 612 1750 neminem
627 1707 694 1751 curn
708 1691 770 1768 ipso
786 1695 840 1748 so·'

157 1772 239 1832 ciare
258 1787 423 1831 sermonem
440 1787 539 1847 postea
559 1791 704 1832 ausurum.
721 1769 839 1832 ¹Viven-

149 1850 230 1912 'dum
248 1871 309 1910 esse
327 1850 357 1909 in
377 1849 527 1910 solitudine
542 1850 622 1911 velut
636 1851 700 1910 stre
715 1849 808 1910 bestiae
824 1885 836 1918 ‚

155 1929 284 1992 terrenti
294 1929 386 1998 alias,
407 1928 478 1990 alias
490 1930 614 1992 timenti.
626 1928 720 1988 Prima
735 1926 837 1988 deinde

153 2012 224 2072 luce
235 2006 470 2070 tabernaculatus
488 2028 538 2076 us,
551 2005 721 2068 sicutadhuc
732 2027 836 2068 cruen-

154 2106 313 2157 numerat,
332 2088 411 2162 iussit
427 2027 542 2164 iassrri.
566 2087 639 2166 Quo
660 2087 753 2165 posito
769 2103 837 2148 ante

152 2171 272 2250 ipsum,
296 2169 429 2247 lacrymis
454 2167 581 2236 obortis,
604 2166 698 2238 iane,
718 2167 836 2244 inquit,

153 2248 261 2312 autrici
279 2269 347 2309 mea
359 2247 484 2328 gratiam
500 2244 605 2315 retuli,
628 2248 705 2328 cujus
718 2243 838 2326 duofiiii

153 2329 229 2412 apud
253 2325 387 2389 Miletum
409 2349 459 2408 pro
484 2347 545 2388 mea
563 2327 660 2407 gloria
689 2323 838 2387 occubuere

152 2425 273 2472 martem
288 2435 297 2465 .·
313 2405 359 2466 tic
372 2405 468 2483 frater
482 2405 593 2467 unicum
609 2405 738 2467 orbitatis
755 2403 834 2464 sala·

151 2491 225 2555 tium
235 2509 254 2548 a
264 2508 309 2548 me
316 2487 392 2547 inter
403 2485 497 2568 epulas
506 2485 618 2548 accitus
625 2503 679 2549 est.
689 2480 752 2562 Qua
764 2501 839 2544 auae

153 2589 186 2631 se
209 2566 337 2644 conferet
359 2566 496 2627 misera?
524 2563 662 2628 Omnibus
682 2565 742 2625 e'ur
765 2581 838 2622 unus

154 2667 320 2732 supersum,
341 2667 419 2726 quem
433 2645 521 2707 solum
534 2643 622 2725 aquis
636 2587 725 2708 acuis
741 2641 837 2706 uidere

153 2749 209 2790 naa
216 2725 338 2811 poterit.
353 2722 393 2785 Et
410 2747 462 2807 ega
471 2745 644 2788 seruaturum
661 2743 779 2786 meorum
791 2722 837 2784 la·

152 2827 216 2878 rra,
245 2823 374 2870 reuertar
390 2805 421 2866 ia
438 2805 580 2886 patriam,
604 2823 633 2866 ut
654 2827 688 2866 ae
709 2803 837 2866 dextram

149 2888 263 2972 quidem
286 2884 393 2949 autrici
412 2887 480 2950 ,tiae
503 2885 638 2950 memoria
663 2882 835 2950 calamitatis
