2350 3967
341 394 534 496 tinen
572 426 663 490 111.
785 449 842 506 1„

163 529 272 600 flerunt
284 551 295 590 r
309 527 363 590 alii
374 567 384 597 ‚
398 525 456 605 qui
466 542 575 588 rectum
592 527 645 589 iter
661 527 692 587 in
701 525 846 592 Persidem

90 633 91 650 ,
169 613 315 680 ducebat3
335 606 611 685 quidamcircunritu
623 627 726 684 rupes,
744 611 846 672 saltus·

168 711 224 768 que
233 686 386 748 montium
397 685 525 746 occultos
535 685 659 762 petivere
670 707 681 758 3
692 689 849 764 paucicas·

171 787 212 830 rra
222 766 321 828 Darii.
334 764 390 826 Sed
403 764 461 842 jam
472 763 523 822 illa
534 785 647 841 qnoque
658 763 745 827 nostis
753 768 846 829 victor

171 848 352 912 intraverat,
370 841 453 904 omni
469 841 584 919 quidem
603 843 749 921 oprtlentid
766 847 846 910 ditia.

173 929 277 1006 lngens
288 923 352 983 auri
364 921 527 1002 argentique
537 921 668 1000 pondus,
686 943 746 983 non
759 926 846 997 belli,

168 1001 352 1068 ‚sedluxutiae
362 1000 845 1078 apparatum,diripuerantmilites.

173 1083 309 1158 Cumque
322 1081 385 1156 plus
395 1096 541 1156 raperent,
558 1081 660 1157 passim
670 1099 756 1144 strata
765 1101 847 1146 erant

174 1161 278 1222 itinera
292 1159 442 1222 vilioribus
455 1159 586 1227 sarcinis,
603 1181 671 1236 quas
680 1161 712 1220 in
723 1182 846 1240 compa·

173 1238 466 1302 tationemeliorum
488 1239 606 1300 avaritia
627 1257 847 1318 contempserat·

174 1321 300 1396 Jamque
315 1315 352 1393 ad
368 1316 488 1376 feminas
503 1333 672 1392 perventum
689 1337 749 1379 erat
763 1342 773 1389 ς
786 1320 849 1396 qui·

175 1400 248 1466 bus,
262 1417 321 1474 quo
328 1395 442 1454 cariora
451 1412 618 1464 ornamenta
629 1415 713 1467 sunt,
731 1398 848 1458 violen-
902 1465 906 1470 ¹

175 1478 231 1538 tius
241 1473 478 1536 detrahebantur:
493 1495 547 1536 nec
557 1476 724 1552 corporibus
735 1476 849 1553 quidem

176 1557 220 1618 ais
233 1577 269 1615 ac
280 1553 368 1614 libido
380 1555 524 1630 parcebat.
540 1553 650 1614 Omnia
669 1556 785 1632 planctu
802 1573 849 1617 tu-

175 1635 353 1710 multuque,
386 1648 472 1708 prout
493 1633 595 1710 cuique
616 1633 729 1695 fortuna
754 1652 815 1695 erat
834 1676 847 1702 ,

174 1731 269 1774 castra
293 1711 491 1788 repleverant,
512 1731 566 1772 noc
587 1712 647 1772 ulla
668 1713 756 1775 faciet
777 1715 849 1778 mali

176 1793 296 1860 deerat,
313 1811 379 1850 tum
389 1809 440 1867 per
449 1810 549 1850 onmes
559 1792 671 1853 ordines
679 1810 848 1870 aetatesque,

176 1870 298 1933 victoris
327 1869 473 1929 crudelitas
495 1890 530 1930 ac
553 1869 668 1930 licentia
688 1869 851 1951 vagaretur.

175 1951 268 2012 Tunc
278 1969 347 2010 vero
354 1947 644 2026 impotentisfortunae
651 1949 757 2025 species
766 1969 850 2009 cont·

176 2030 235 2108 pici
250 2026 345 2107 potuit
356 2049 364 2086 t
376 2047 446 2088 curn
456 2028 496 2097 ii,
512 2027 560 2104 qui
573 2027 738 2088 tumDario
752 2030 849 2088 taber·

177 2110 314 2170 naculum
326 2123 550 2175 exornaverant,
570 2107 651 2166 omni
658 2107 728 2168 luxu
736 2125 767 2170 et
777 2128 851 2186 opu·

177 2187 265 2250 lenria
276 2187 467 2257 instructumt
484 2185 584 2246 eadem
596 2185 647 2246 illa
663 2186 849 2257 Alexandro,

178 2268 255 2345 quasi
273 2265 362 2328 veteri
375 2264 496 2324 domino
510 2265 699 2334 reservabant,
714 2265 850 2343 Namque

178 2347 206 2408 id
220 2348 316 2407 solum
333 2345 474 2403 intactum
491 2343 644 2404 omiserant
658 2343 784 2413 milites,
809 2347 851 2404 ita

178 2427 278 2491 ,tradito
286 2443 395 2492 inore,
407 2437 439 2482 ut
448 2421 586 2482 victorem
596 2422 665 2485 victi
670 2423 747 2504 regis
757 2425 852 2482 taber·

90 2541 91 2544 =
180 2501 852 2578 namlo·exciperenn8edomniurnoculosani·

179 2597 305 2663 mosque¹
319 2583 351 2642 in
373 2596 465 2639 semet
485 2597 684 2640 converterant
706 2580 851 2656 captivat,

177 2683 285 2732 mater,
310 2659 478 2737 conjuxque
490 2659 572 2718 Darii
584 2683 593 2721 ε
607 2658 658 2719 illa
669 2678 728 2718 non
745 2657 850 2734 majes-

174 2759 229 2806 tate
245 2742 371 2808 solum,
390 2739 439 2796 sed
456 2737 541 2798 etiam
559 2755 639 2799 atate
656 2739 849 2810 venerabilis3

171 2815 346 2898 haecformae
358 2814 591 2898 pulchritudine,
611 2835 666 2878 nec
674 2816 725 2876 illa
736 2815 853 2893 quidem

680 2911 754 3000 nr,
