2350 3967
342 493 538 561 LIBER
577 494 687 564 v11.
798 495 853 576 389

152 589 225 660 ‚Ne
238 595 301 658 tela
315 596 431 674 quidem
450 598 547 662 conati
560 599 630 662 nixu
642 601 753 663 vibrare
770 620 856 680 pote-

165 683 261 749 rant3
276 699 346 737 cum
358 677 436 758 prior
443 679 531 738 standi
543 678 603 738 sine
613 681 755 758 periculo,
767 703 855 759 quam

166 755 294 818 l'rosrem
316 757 471 818 incessendi
494 778 560 817 cura
582 777 668 834 esset.¹
692 759 854 822 Tormenta

166 835 263 896 saluti
282 835 405 898 fuerunt.
418 835 531 913 Quibus
548 838 579 896 in
596 839 738 900 confertos
755 861 789 901 ac
807 858 853 900 te·

169 934 260 977 mere
288 934 318 974 se
339 915 488 976 oflerentes
513 914 587 976 haud
609 917 708 980 frustra
738 937 853 985 excussa

170 1012 243 1055 suut
264 995 334 1056 tela.
354 995 468 1057 Barbari
488 1001 601 1073 quoque
625 997 651 1056 in
674 1009 770 1060 en'tent'
791 995 853 1061 vini

112 1085 116 1090 '
174 1074 347 1154 sagittarum
361 1073 487 1135 infudere
497 1076 611 1136 tatibus.
660 1081 743 1156 ixque
758 1079 851 1140 ullunr

172 1152 233 1214 fuit
244 1169 378 1222 scutum,
396 1155 472 1232 quod
485 1175 546 1215 non
555 1157 680 1233 pluribus
691 1158 775 1217 simul
793 1160 851 1236 spi*

172 1232 252 1292 culis
269 1232 468 1309 perforaretur.
478 1234 600 1312 Jamque
617 1245 695 1297 terr'ae
713 1253 785 1297 rates
802 1257 853 1315 ap*

171 1313 375 1390 plicabantur,
388 1333 455 1374 cum
465 1314 540 1374 acies
550 1316 678 1392 clypeata
688 1318 849 1396 consurgit,

174 1410 209 1451 et
227 1391 321 1452 hastas
336 1409 414 1452 certo
432 1393 514 1464 ictu,
532 1411 632 1471 utpote
650 1395 741 1454 libero
758 1396 850 1465 nixu,

174 1471 271 1530 mittit
286 1490 303 1530 e
320 1471 435 1534 ratibus.
447 1471 484 1531 Er
499 1489 531 1533 ut
542 1474 653 1534 territos
670 1473 851 1551 recipientes·

171 1569 235 1627 que
253 1550 467 1625 equosvidere3
485 1553 592 1613 alacres
606 1571 704 1614 mutua
717 1553 850 1614 adhorta·

173 1629 262 1690 tione
281 1631 310 1690 in
328 1647 432 1690 terram
449 1630 588 1695 desiliere.
603 1633 736 1694 Turbatis
748 1634 850 1695 acriter

171 1709 283 1788 pedem
301 1709 406 1770 inferre*
419 1731 575 1788 coeperunt.
595 1713 730 1790 Equitum
747 1713 848 1782 deinde

173 1807 301 1858 turmae,
324 1809 384 1866 quae
410 1790 534 1852 frenatos
561 1791 704 1853 habebant
729 1815 846 1871 equos,

171 1869 337 1950 perfregere
353 1870 536 1931 barbarorum
548 1875 651 1934 aciem.
662 1874 780 1933 Interim
798 1892 847 1934 ce·

172 1950 230 2010 teri
248 1947 363 2028 agmine
381 1949 577 2010 dimicantium
594 1952 661 2012 tecti
674 1969 805 2029 aptavere
817 1963 846 2012 se

171 2045 288 2110 pugnae.
305 2029 365 2105 lpse
383 2047 454 2097 rex,
476 2031 552 2106 quod
565 2030 694 2112 vigoris,
711 2051 786 2111 aegro
798 2030 849 2090 ad'·

171 2107 233 2168 huc
244 2127 365 2184 corpore
379 2148 388 2175 ,
405 2109 518 2176 deerat,
534 2109 623 2170 animi
634 2109 766 2171 firmitate
780 2131 848 2187 sup·

172 2189 282 2267 plebat.
294 2187 363 2248 Vox
371 2186 543 2248 adhortantis
553 2209 613 2248 non
621 2197 731 2265 poterat
738 2190 847 2262 audiri,

170 2268 303 2332 nondun
322 2270 394 2328 bene
414 2268 534 2328 obducta
556 2269 687 2330 cicatrice
705 2271 846 2344 ceruicis3

170 2347 221 2410 sed
233 2347 418 2407 dimicantem
430 2349 524 2408 cuncti
535 2348 678 2410 videbant.
687 2351 785 2428 ltaque
795 2348 849 2427 ipsi

170 2427 289 2505 quidem
300 2425 407 2486 dueum
421 2425 609 2506 fungebantur
626 2426 738 2500 officio,
760 2427 847 2487 aliusss

171 2527 228 2586 que
243 2505 335 2566 aliurn
346 2502 507 2575 adhortati,
521 2507 551 2565 in
561 2506 674 2566 hostem
687 2507 781 2566 salutis
792 2508 847 2566 irn-

170 2604 319 2646 memores
337 2603 418 2644 tuere
435 2603 592 2662 coeperunt.
611 2586 689 2646 Turn
700 2607 770 2646 uero
785 2605 846 2646 non

172 2687 242 2734 ora,
266 2684 328 2724 non
346 2685 446 2733 arma,
468 2685 527 2725 non
543 2667 704 2725 clamorem
719 2663 845 2728 hostium
928 2709 931 2715 -

169 2744 282 2806 barbari
300 2743 424 2802 tolerare
439 2761 592 2822 potuerunt
607 2770 615 2804 :
634 2763 789 2822 omnesque
803 2746 849 2805 ef·

166 2825 234 2898 fusis
244 2823 367 2883 habenis
380 2826 523 2901 (namque
534 2825 669 2902 equestris
681 2825 753 2884 acies
765 2828 844 2896 erat)

161 2919 318 2985 capessunt
339 2902 451 2984 ngam.
475 2903 559 2984 Quos
580 2923 657 2971 rex,
683 2923 845 2981 quanquam
933 2979 948 2989 ff

649 3002 761 3082 urrrj
