2350 3967
333 475 425 542 462.
512 461 556 545 Q.
596 462 842 529 CURTII

335 570 412 631 edito
428 567 524 650 fugere
541 568 632 629 acrius
651 568 759 646 coepit:
777 567 824 626 sed
842 562 1008 645 elephantus

334 666 469 726 quoque,
491 650 539 725 qui
558 650 648 707 multa
667 666 818 723 exceperat
834 650 917 715 tela,
939 643 1005 705 defi-

334 730 436 789 ciebat.
449 730 546 805 ltaque
557 728 627 787 sistit
639 726 755 809 fugam,
770 726 954 803 peditemque
966 736 1007 784 se-

334 808 429 885 quenti
449 804 524 867 hosti
542 806 658 885 objecit.
679 806 743 873 Jam
758 806 927 865 Alexander
939 824 1006 864 con·

334 904 444 948 secutus
461 904 543 956 erat,
563 904 592 945 et
609 886 763 962 pertinacia
781 882 848 944 Pori
871 884 1005 964 c‘ognitus

333 970 448 1029 vetabat
459 964 651 1025 resistentibus
657 966 746 1045 porei.
756 964 835 1043 Ergo
847 967 972 1041 undique
982 978 1007 1022 et

333 1044 364 1107 in
373 1046 497 1122 pedites,
508 1062 536 1105 et
546 1044 575 1105 in
585 1045 678 1121 ipsum
687 1044 792 1103 Porum
803 1046 861 1104 tela
874 1060 1007 1123 congesta

333 1142 398 1185 sunt
407 1148 416 1185 τ
425 1125 524 1203 quibus
533 1126 647 1185 tandem
677 1138 788 1186 navatus
798 1124 856 1183 labi
867 1144 905 1184 ex
916 1124 1007 1183 bellua

332 1201 433 1282 coepit.
444 1204 528 1267 lndus
540 1205 587 1283 qui
599 1145 781 1281 eleplramum
794 1206 937 1284 regebat,
950 1203 1007 1261 des·

334 1284 455 1345 cendere
467 1304 533 1345 eum
550 1304 646 1353 rarus,
669 1303 749 1343 more
762 1284 849 1343 solito
871 1280 1006 1361 elephan-

335 1382 397 1424 tum
411 1361 586 1443 procumbere
604 1362 680 1439 jussit
693 1362 722 1421 in
731 1381 823 1441 genua
837 1376 849 1433 ;
870 1364 920 1439 qui
935 1378 965 1423 ut
981 1376 1007 1421 se

335 1444 485 1511 submisit,
505 1444 591 1503 ceteri
601 1462 733 1520 quoque,
748 1443 786 1501 ita
798 1442 880 1503 enlm
894 1438 1007 1503 instituti

334 1540 433 1590 erant,
448 1522 585 1583 demisere
601 1542 719 1600 corpora
731 1522 761 1580 in
776 1538 896 1583 terram.
912 1522 952 1583 Ea
970 1540 1007 1579 res

336 1618 366 1663 et
383 1602 511 1670 Porum,
533 1621 561 1662 et
580 1621 689 1663 ceteros
708 1602 863 1661 victoribus
888 1600 1007 1662 tradidit.

335 1680 400 1740 Rex
411 1679 527 1761 spoliari
540 1700 637 1761 corpus
648 1674 733 1751 Pori,
751 1680 940 1741 interemtum
952 1698 1006 1741 esse

333 1760 469 1829 credens,
486 1760 584 1837 jussit,
598 1780 626 1821 et
639 1762 686 1838 qui
698 1759 877 1821 detraherent
889 1763 1007 1821 lonicum

275 1841 279 1849 '
333 1855 523 1917 vestemque,
544 1840 735 1913 mucurrbre3
756 1862 822 1901 cum
842 1842 941 1901 bellua
960 1842 1010 1900 do·‘

334 1918 449 1979 minum
460 1921 549 1989 tueri,
562 1939 591 1980 et
600 1922 750 1999 spoliantes
762 1922 846 1997 coepit
858 1938 1008 1998 appetere,

333 1998 518 2075 levatumque
537 2021 639 2077 corpus
657 2002 716 2077 ejus
734 2020 825 2061 rursus
850 2001 940 2061 dorso
960 2019 1009 2059 suo

334 2078 495 2153 imponere.
516 2072 593 2158 Ergo
618 2080 681 2139 telis
706 2079 834 2158 undique·
856 2080 1009 2148 obruitur,

332 2156 524 2232 confossoque
540 2178 576 2216 eo
592 2160 622 2217 in
633 2158 796 2219 vehiculum
806 2158 899 2220 Porus
915 2158 1009 2236 impo-

333 2235 421 2296 nitur.
435 2232 531 2310 Quem
538 2256 588 2295 sex
596 2238 883 2299 utuiditallevantem
891 2242 1009 2310 oculos3

332 2334 394 2374 non
420 2314 510 2383 odio,
534 2317 581 2375 sed
610 2318 791 2377 miseratione
818 2338 1010 2385 commotus,

333 2414 395 2474 que
413 2392 531 2462 molum,
547 2394 660 2473 inquit,
681 2398 801 2457 amentio
813 2415 842 2457 te
855 2398 952 2479 coegit
967 2417 1011 2458 re·

332 2494 394 2535 rum
410 2494 528 2533 meorum
544 2475 656 2614 coppim
664 2474 767 2550 sorno,
787 2476 854 2537 belli
865 2476 1010 2553 fortunam

335 2552 456 2634 experiri
470 2572 483 2624 ;
495 2574 555 2614 cum
595 2553 687 2615 exiles
700 2574 772 2617 esset
787 2556 816 2615 in
829 2556 941 2617 deditos
954 2554 1007 2617 cle·

333 2631 1010 2716 mentlaemeoetompropinquumtibiexemplum?

251 2736 259 2751 ·
332 2711 375 2770 At
395 2710 468 2779 ille,
495 2713 644 2790 quoniam,
666 2716 779 2792 inquit,
798 2716 979 2795 percontaris
997 2753 1012 2789 ‚¹

331 2787 498 2879 respondebo
509 2812 541 2852 eo
552 2791 702 2864 libertate,
718 2816 798 2873 quom
811 2792 1017 2875 interrogando·
1076 2800 1077 2803 ’

326 2864 440 2945 settstt.
456 2867 607 2934 Neminem
622 2892 668 2935 me
673 2869 821 2953 fortiorem
833 2894 1011 2945 esse-censs·
1027 2908 1031 2923 =
