2350 3967
338 468 534 542 nt‘nnn
572 475 680 544 v11.
785 487 843 564 '393

152 579 296 657 sedern
327 583 429 643 Bactra
458 581 599 658 pervenit·
627 580 697 644 inde
725 575 845 644 Bessum

152 662 315 725 Ecbatana
325 660 389 722 duci
409 661 505 738 jussit,
528 658 846 742 intsrfhctoDariopoe·

154 757 213 805 nas
225 740 322 823 capite
329 739 545 822 persoluturum
561 741 663 801 lisdem
673 741 731 802 fere
746 741 845 804 diebus

156 823 344 884 Ptolemaeus
354 838 384 881 et
394 820 523 880 Menidas
533 821 660 896 peditum
669 822 721 881 tria
731 822 842 890 millia,
896 855 898 858 ·

157 919 191 964 et
205 903 321 980 equites
338 901 419 962 mille
429 897 606 960 adduxerunt
620 901 749 962 mercede
764 901 844 962 nsidi-

157 999 289 1044 snturos.
310 979 475 1040 Alexander
487 999 602 1056 quoque
620 999 656 1040 ex
671 978 764 1058 Lycia
776 1001 844 1044 num

158 1061 230 1140 pati
241 1078 365 1122 numero
376 1058 520 1136 pediturn,
532 1075 593 1118 eto
604 1059 743 1136 equitibus
752 1058 845 1126 venit·

162 1138 426 1217 TotidemeSyria
436 1137 677 1216 Asclepiodorum
685 1142 843 1218 sequebaris

160 1238 213 1282 tur
224 1243 234 1281 s
248 1220 402 1299 Antipater
411 1217 580 1279 Graecocusn
591 1239 613 1279 v
621 1237 633 1276 1
641 1237 674 1278 11
685 1219 796 1290 millia,
811 1220 842 1282 in

156 1299 269 1380 'quibus
292 1321 314 1360 s>
338 1298 445 1375 equites
467 1314 571 1367 erant,
595 1296 719 1359 miserat.
744 1299 843 1376 Itaque

163 1380 296 1441 exercitu
318 1396 433 1445 aucto,
457 1377 494 1437 ad
515 1397 575 1446 ea,
601 1397 662 1454 quae
685 1377 845 1440 defectione

162 1462 280 1522 turbata
287 1476 393 1524 erant,
414 1456 614 1534 componenda
626 1457 761 1536 processit
773 1479 782 1530 ;
795 1457 843 1518 in·

160 1539 348 1614 terfeesisque
378 1537 614 1598 consternationis
647 1538 842 1609 auctoribus,

160 1635 270 1698 quarto
280 1618 325 1677 die
335 1616 369 1677 ad
381 1615 487 1678 flumen
497 1616 598 1677 Oxum
608 1635 775 1693 perventum
787 1633 844 1683 ess·

161 1696 227 1762 Hic
240 1697 308 1776 quia
321 1696 424 1758 limum
440 1695 519 1758 vehit
528 1737 539 1765 ‚
548 1695 678 1758 turbidus
690 1717 800 1776 semper
812 1713 842 1761 et

141 1776 318 1841 ‘insalubris
341 1795 383 1836 est
400 1793 483 1855 potu.
506 1776 605 1853 Itaque
629 1795 730 1854 puteos
757 1779 842 1842 miles

161 1876 294 1936 coeperat
319 1856 429 1917 fodere.
452 1854 517 1916 Nec
539 1877 636 1917 tamen
663 1857 753 1920 humo
783 1860 842 1920 alte

162 1955 264 2020 egesta
280 1937 417 1997 existebat
432 1934 560 2008 hument
584 1957 652 1997 curn
668 1937 697 1996 in
716 1939 778 2015 ipso
794 1954 842 1998 ta·

162 2017 324 2080 bernaculo
335 2016 409 2096 regis
419 2031 587 2092 conspectus
598 2032 640 2076 est
650 2015 736 2086 fons,
754 2035 843 2094 quem

160 2099 232 2176 quia
259 2095 339 2157 tarde
365 2109 555 2164 notaverant,
583 2093 676 2154 subito
708 2092 842 2156 extitisse

161 2177 322 2238 finxerunt.
341 2176 459 2253 Resque
468 2175 527 2252 ipse
542 2173 618 2234 stedi
630 2175 723 2238 voluit
741 2173 842 2238 donum

159 2255 221 2318 Dei
243 2253 281 2326 id,
289 2253 396 2332 fuisse.
425 2253 566 2331 Superatis
587 2253 687 2316 deinde
708 2256 862 2320 amnibus.

160 2332 396 2402 Ocho'esOxo‚
415 2334 451 2394 ad
466 2336 566 2395 urbem
580 2331 757 2413 Margins'am
773 2355 840 2412 per-
929 2394 946 2406 N
1011 2401 1015 2409 ,

161 2417 257 2480 venit.
286 2413 373 2476 Circa
397 2435 463 2475 earn
487 2433 529 2475 vr
554 2414 665 2492 oppidis
688 2414 843 2490 condendis

161 2499 257 2560 edecta
274 2494 355 2555 sedes
371 2511 423 2566 est
435 2494 505 2554 Duo
520 2491 556 2553 ad
568 2491 721 2553 Meridiem
733 2513 813 2554 versa
828 2515 840 2567 ς

161 2595 289 2654 quatuos
301 2572 455 2652 spectantia
467 2570 621 2633 Orientem
633 2593 643 2644 3
660 2571 781 2634 modicis
793 2573 841 2633 in·.'

151 2673 207 2718 tes
217 2675 247 2717 se
264 2653 362 2731 spatiis
377 2653 535 2724 distabant3
548 2673 586 2713 ne
599 2653 700 2730 procul
707 2670 840 2731 repeten-

161 2735 231 2798 dum
249 2751 326 2796 esset
343 2751 476 2794 mutuum
494 2732 646 2794 auxilinm.
660 2731 731 2794 Haec
741 2733 840 2798 omnia

160 2818 214 2877 sisa
225 2815 336 2878 suntin
348 2811 428 2874 editis
442 2811 583 2873 collibuss
596 2830 659 2874 turn
669 2814 749 2874 velut
766 2813 840 2876 freni

159 2897 341 2971 domincum
362 2890 518 2978 gentium
543 2911 622 2956 nunc
647 2891 764 2976 originis
784 2914 842 2958 susc
