2350 3967
381 415 437 498 με
557 407 887 494 osunen

377 517 492 596 ejusque
503 515 638 594 superbis
654 514 728 576 haud
742 513 890 574 immerito
905 511 1044 586 illudenti

374 591 1044 676 pemanait,taberemiiiresAtexandrtJans

374 695 429 754 que
446 695 463 735 e
479 675 673 736 Macedonum
692 674 787 735 castris
801 675 953 756 signorum
977 697 1043 736 con·

374 773 472 816 uentus
487 774 518 816 et
532 757 619 816 totius
630 754 768 816 exercitus
784 753 898 814 clamor
913 755 1044 817 audieba-

373 851 430 898 tur.
453 835 495 896 Ea
515 855 559 895 res
578 837 650 896 sieut
673 832 898 912 pleraquebelli
920 855 998 896 vana
1020 851 1044 894 tt

373 913 470 976 inania
504 917 636 976 barbaros
671 913 707 974 ad
740 911 915 973 deditionem
949 913 1043 974 traxit.

374 993 491 1074 Quippe
501 993 633 1071 occupati
643 993 919 1070 metu‚paucitatem
930 1013 1043 1062 eorum,

372 1075 421 1152 qui
438 1093 546 1154 atergo
561 1093 662 1142 erant,
678 1071 813 1134 aestirnare
826 1092 886 1132 non
899 1091 1043 1149 poterant.

371 1152 470 1232 itaque
486 1151 609 1230 Copban
622 1158 636 1228 (
647 1173 715 1212 nam
732 1150 902 1229 trepidantes
917 1154 1043 1232 relique-
1084 1159 1085 1216 i

372 1252 416 1294 rat
436 1236 451 1306 )
472 1250 584 1293 streptu
601 1251 761 1305 revocant;
783 1249 812 1291 et
831 1252 900 1292 cum
918 1253 959 1293 eo
981 1252 1042 1294 xxx
1084 1257 1085 1298 r

370 1311 511 1391 principes
528 1313 663 1380 mittunt,
682 1312 730 1389 qui
742 1329 851 1389 petram
861 1312 997 1385 tradant,
1016 1329 1043 1374 et
1084 1321 1085 1360 i

371 1409 402 1452 ur
425 1389 605 1452 incolumibus
625 1389 701 1451 abire
721 1387 829 1460 liceat,
852 1394 1043 1468 paciscantur.

371 1470 427 1532 Ille
435 1491 597 1549 quanquam
606 1474 772 1540 verebatur,
784 1489 820 1530 ne
832 1491 988 1550 conspecta
1001 1473 1042 1550 ju·

368 1571 476 1614 tenum
492 1551 633 1628 paucitate
650 1551 827 1610 deturbarent
837 1571 892 1624 eos,
907 1554 1042 1625 barbari;

367 1647 466 1692 tamen
478 1649 507 1690 et
517 1629 636 1690 fortunae
646 1652 699 1691 suae
711 1628 855 1700 confisus,
866 1649 898 1691 et
911 1632 1042 1694 Arimazi

367 1711 502 1787 superbiae
515 1709 671 1779 infensus,
686 1705 790 1769 nullam
806 1727 837 1770 te
854 1709 1042 1774 conditionem

367 1783 520 1848 deditionis
550 1785 675 1868 irripere
704 1787 858 1867 respondit.
890 1791 1042 1854 Arimazes

366 1865 517 1946 desperatis
526 1869 618 1950 magis
630 1889 717 1946 quam
728 1869 841 1947 perditis
850 1873 936 1930 rebus
950 1911 961 1941 ‚
974 1893 1040 1934 cum

366 1947 532 2026 propinquis
548 1947 784 2026 nobilissimisque
794 1950 888 2032 gentis
904 1973 961 2014 suae
980 1953 1040 2014 des·

366 2027 463 2088 cendit
485 2029 514 2088 in
537 2046 627 2088 castra
642 2051 651 2089 ε
666 2049 737 2106 quos
757 2050 859 2092 omnes
876 2028 1039 2092 verberibus

364 2101 482 2184 effictos
498 2103 548 2164 sub
563 2105 635 2186 ipsis
653 2103 792 2166 radicibus
806 2127 893 2200 perroe
913 2109 1040 2170 crucibus

350 2216 352 2219 ·
365 2183 446 2263 jussit
455 2180 548 2263 affigi.
568 2186 723 2246 Multitudo
733 2187 926 2250 dedititiorum
938 2189 1040 2255 incolis

364 2281 506 2323 novarum
516 2263 630 2326 urbium
644 2286 712 2326 curn
727 2267 848 2344 pecunia
859 2287 944 2350 capta
960 2271 1038 2334 dono
1085 2267 1086 2286 ¹

364 2340 428 2406 data
438 2360 499 2406 est:
513 2343 671 2436 dstabazus
682 2346 711 2406 in
730 2366 814 2423 perrae
831 2351 1039 2432 regionisque,

362 2440 565 2510 quoeapposrta
573 2441 646 2490 esset
655 2425 704 2496 ei.
721 2427 809 2490 tutela
821 2431 954 2500 relictus.

613 2677 783 2767 W
