2350 3967
358 471 665 547 meeum·
784 488 848 560 259

166 590 248 640 eant.
268 576 347 660 Ergo
361 577 535 642 universi'ad
550 602 631 652 eos,
646 581 695 662 qui
710 583 846 650 inarmis

165 674 254 719 erant
264 697 276 726 ,
295 674 411 719 currunt
424 699 434 727 ,
449 655 545 734 furere
559 662 759 736 clamitantes,
780 687 844 728 curn

165 735 245 800 Diis
260 734 388 815 prelium
404 735 536 804 inituros.
553 739 683 822 Nauigia
694 764 748 804 non
758 765 844 825 posse

166 815 310 878 numerari
321 855 332 886 ,
344 835 404 894 que
415 815 536 878 invictos
545 817 685 883 veherent.
697 824 842 886 Tantum·
857 885 863 894 ,

166 915 229 976 que
239 895 436 956 inexercitum
444 917 562 959 suornm
572 901 693 962 intulere
705 906 841 972 terroris,

168 993 205 1038 ut
220 975 250 1034 le
287 991 331 1036 tos
341 975 486 1038 mitterent
494 997 612 1058 gentem
620 980 772 1045 dedimros.
787 983 846 1042 His

168 1054 203 1115 in
220 1053 242 1113 fi
276 1075 307 1114 m
326 1055 471 1132 acceptis,
490 1057 525 1116 ad
540 1060 611 1120 alias
628 1059 727 1121 deinde
745 1081 845 1143 gentes

169 1150 275 1212 quarto
287 1133 332 1194 die
348 1133 487 1212 pervenit.
508 1137 610 1199 Nihilo
620 1140 683 1216 plus
693 1141 782 1202 animi
799 1142 843 1201 his

169 1211 251 1284 luit,
274 1233 361 1290 quarn
380 1213 479 1276 ceteris
498 1215 598 1277 furerat.
620 1221 719 1296 ltaque
735 1221 842 1298 oppido

170 1291 214 1354 ibi
232 1291 370 1362 condito,
390 1291 467 1370 quod
482 1291 687 1357 Alexandriam
707 1299 845 1377 appellari

172 1370 310 1450 jusserat,
330 1371 400 1432 fines
417 1392 540 1444 sonim,
561 1376 610 1452 qui
623 1372 769 1438 Musicani
790 1397 845 1456 ap·

168 1453 334 1530 pellantur,
348 1449 473 1514 intravit.
486 1451 545 1514 Hic
561 1455 596 1514 de
607 1455 739 1515 Teriolte
754 1476 843 1518 satra·

169 1551 231 1608 pe,
249 1550 336 1608 quem
350 1529 576 1608 Paropamisadis
593 1529 773 1611 praefecerat,
793 1531 844 1595 iis·

169 1609 844 1693 dem‘arguentibuscognovitstnultaqueavare

170 1691 332 1766 acsuperbe
341 1687 439 1750 fecisse
450 1691 616 1753 convictum
623 1692 744 1754 interfici
753 1693 844 1772 jussit.

170 1767 317 1831 Oxathres
335 1785 438 1846 praetor
453 1770 689 1843 Bactrianorum,
712 1793 772 1834 non
789 1775 844 1833 ab·

172 1849 284 1911 solutus
294 1847 546 1917 modmsed-enam
560 1851 620 1928 jure
631 1851 777 1929 amplioris
786 1851 846 1911 im·

170 1927 245 2008 perii
256 1926 377 1987 donatus
387 1944 441 1992 est.
450 1926 567 1989 Finibus
577 1931 732 1991 Musicanis
742 1931 845 1992 deinde

169 2006 353 2069 nnclstionem
364 2005 567 2077 redactis,ur³oi
576 2029 678 2070 eomrn
686 2009 845 2088 presidium

169 2085 321 2164 imposuit.
334 2084 402 2146 Inde
412 2085 530 2148 Praestos
540 2104 569 2147 et
577 2089 668 2166 ipsam
677 2088 763 2150 lndiae
772 2107 847 2170 gen·

170 2184 233 2227 tem
253 2181 423 2244 perventum
442 2181 494 2226 est.
514 2165 671 2245 Oxycanus
689 2187 739 2229 ren
758 2184 848 2237 etat,

171 2243 265 2324 quise
279 2243 395 2305 munite
411 2242 473 2305 urbi
490 2265 557 2306 cam
572 2262 678 2326 magna
689 2267 778 2309 manu
792 2267 849 2326 po·

170 2325 316 2404 pularium
326 2323 488 2384 incluserat·
497 2323 582 2386 Hanc
591 2327 753 2387 Alexander
761 2327 850 2387 tertio

172 2405 219 2464 die
239 2423 327 2481 quam
345 2419 469 2480 cseperat
488 2403 640 2472 obsidere,
664 2406 851 2485 expugnauit.

172 2482 210 2544 Et
222 2481 400 2560 Onycsnus,
418 2501 485 2542 curn
496 2481 526 2540 in
538 2501 633 2542 arcem
652 2483 845 2563 confugisset,

172 2563 286 2643 legatos
307 2559 342 2620 de
362 2559 528 2622 conditione
547 2561 697 2624 deditionis
717 2563 795 2622 misit
812 2561 849 2622 ad

173 2659 273 2722 regern
288 2661 300 2698 t
313 2638 360 2698 sed
379 2655 534 2716 antequam
549 2640 659 2700 adirent
676 2659 765 2709 eum,
789 2640 853 2702 ‹luae

172 2737 356 2780 surrectum
376 2718 485 2799 ingenti
508 2719 620 2800 fragore
637 2719 852 2797 prociderant,
925 2771 929 2775 .

172 2817 225 2876 per
241 2817 366 2876 quatum
385 2800 478 2859 ruinas
493 2797 667 2860 Macedones
686 2817 800 2882 evasere
820 2798 864 2867 iri

173 2895 274 2945 arcem
288 2897 303 2954 3
318 2895 379 2956 ,qua
399 2894 483 2956 capta
492 2875 649 2957 Oxycanus
671 2897 738 2938 cum
758 2878 861 2961 prucis·

652 2975 756 3056 'itii
