2350 3967
364 465 424 533 426
545 449 876 533 Q.CURT11

365 575 458 621 metus
477 573 574 633 spesve
597 570 784 617 mutaveratt
805 569 889 614 tanta
912 552 1049 616 omnibus

364 640 412 700 vel
422 639 453 696 in
464 655 563 728 regem
578 635 642 705 ira,
661 635 709 696 vel
718 633 786 694 fides
798 633 877 693 inter
894 634 978 712 ipsos
986 635 1051 698 fuit.

366 717 483 778 Stabant
492 714 620 796 rgitutad
631 715 705 774 iores
714 713 776 774 aedis
786 713 866 790 ejus,
882 713 916 774 in
930 736 989 792 qua
1000 732 1051 776 rex

364 799 531 858 vescebatur
542 816 553 868 3
573 813 603 856 ut
615 793 752 854 convivio
763 813 912 872 egressum
925 795 957 854 in
969 796 1051 857 cubi-

364 879 464 938 culum
478 875 658 936 deducerent.
674 872 729 934 Sed
743 873 859 933 fortuna
875 873 991 950 ipsius,
1009 875 1048 936 si-

365 957 483 1032 mulque
500 954 678 1032 epulantium
691 953 812 1014 comitas
821 954 966 1030 provexit
984 976 1049 1015 om·

364 1057 414 1096 ttes
427 1034 460 1094 ad
468 1034 697 1116 largiutvinum3
710 1033 767 1092 ludi
777 1031 868 1092 etiam
877 1034 1048 1096 convivales

366 1135 512 1176 extraxere
527 1131 639 1192 tempus
655 1135 664 1174 t
681 1131 758 1172 nunc
772 1113 843 1172 laetis
864 1114 1049 1191 conjuratis,

366 1191 438 1273 quod
451 1193 568 1275 sopitum
582 1188 742 1272 aggressuri
756 1209 853 1250 essent
865 1211 879 1263 ;
898 1213 982 1254 nunc
992 1195 1049 1254 sol·

365 1274 472 1343 licitis,
487 1294 523 1334 tte
532 1272 562 1332 itt
573 1269 660 1332 lucem
669 1267 826 1332 conuiuium
836 1270 1049 1335 extraheretur.

368 1355 486 1432 Quippe
498 1353 569 1414 alios
581 1351 774 1412 intrationem
790 1353 950 1428 oportebat
959 1354 1047 1430 prima

366 1435 432 1495 luce
445 1431 614 1502 succedere3
633 1431 761 1508 ipsorum
776 1449 840 1506 post
856 1450 912 1492 vu
930 1433 990 1493 dies
1003 1453 1046 1493 te·

366 1514 457 1574 ditum
472 1515 548 1574 vice,
569 1510 634 1570 Nec
648 1528 760 1588 sperate
776 1527 913 1586 poterant
932 1512 964 1572 in
979 1511 1044 1572 illud

365 1611 479 1669 tempus
487 1588 787 1651 omnibutriutatutam
795 1589 898 1653 fidem.
909 1591 1043 1668 Ceterum

366 1693 434 1732 cum
446 1671 505 1750 jam
517 1671 567 1732 lux
581 1685 742 1747 appeteret,
760 1685 789 1728 et
805 1669 980 1732 convivium
989 1671 1044 1730 sol·

365 1754 459 1819 titur,
476 1767 506 1808 et
517 1749 659 1828 conjurati
668 1766 842 1827 exceperunt
851 1769 976 1830 regem,
991 1749 1044 1812 leti

367 1828 550 1890 occasionem
563 1829 722 1906 exequendi
736 1829 848 1889 sceleris
865 1831 1016 1890 admotam
1032 1852 1043 1904 3

366 1931 436 1971 cum
455 1908 559 1970 mulier
580 1909 732 1978 attonitu,
759 1925 791 1968 ut
812 1909 957 1970 creditum
978 1927 1042 1980 est,

364 1987 494 2058 mentis,
518 1987 679 2050 conversati
696 1987 726 2046 in
744 1988 823 2070 regia
840 1990 927 2048 solita
944 2028 955 2059 ‚
979 1989 1041 2068 quia

365 2069 503 2129 instinctu
518 2068 665 2129 videbatur
681 2067 773 2128 fututa
788 2068 964 2144 praedioere3
985 2089 1041 2128 nott

365 2147 489 2207 occurrit
509 2146 601 2207 modo
624 2145 759 2217 abeunti,
780 2147 935 2208 sedetiam
955 2166 1042 2208 semet

366 2225 494 2305 objecit:
508 2228 646 2304 vultuque
662 2243 691 2287 et
705 2225 796 2286 oculis
812 2243 928 2288 motum
945 2229 1040 2306 prefe-

365 2325 430 2365 rens
438 2304 544 2384 enimi„
556 2322 585 2364 ut
596 2303 699 2366 rediret
706 2305 736 2366 in
745 2305 903 2366 convivium
909 2309 1040 2382 monuit3

365 2403 396 2446 et
409 2386 459 2446 ille
473 2385 653 2463 periurium,
674 2382 741 2445 bene
752 2383 834 2446 Deos
845 2384 964 2446 suadere
982 2407 1038 2448 res·

365 2466 466 2544 pondit
478 2486 489 2538 3
509 2465 704 2540 revocatisque
716 2465 816 2525 amicis
828 2465 858 2524 itt
870 2468 976 2526 horam
987 2465 1037 2526 diei

364 2547 456 2605 ferme
471 2544 623 2604 secundam
640 2544 766 2605 convivii
783 2562 896 2622 tempus
909 2547 1037 2609 extraxit.

364 2625 432 2690 Jarn
444 2624 495 2685 alii
506 2643 541 2683 ex
555 2622 674 2684 cohorte
687 2623 716 2682 in
726 2623 881 2685 stationem
900 2621 1036 2686 successe·

363 2720 445 2772 rant,
460 2722 527 2764 ante
536 2703 660 2763 cubiculi
670 2702 747 2764 fores
758 2705 919 2764 excubitori
929 2727 939 2778 3
951 2703 1035 2764 adhue

363 2799 461 2860 tamen
471 2781 612 2860 conjurati
623 2783 732 2842 stabant
749 2782 814 2845 vice
827 2782 918 2844 officii
935 2785 976 2845 sui
987 2802 1035 2843 ett-

359 2860 670 2943 pietatadeopertinax
677 2881 737 2942 sper
744 2878 805 2936 est,
814 2863 1035 2943 quamhumanae
