2350 3967
347 454 364 495 2'
441 442 467 493 J.
502 440 692 495 anntntstt.
726 439 912 493 supplent.

347 533 429 583 innata
439 527 508 595 genti
522 528 655 577 fabularum
665 527 758 592 cupido
768 527 866 587 effecit,
884 544 912 579 ut
928 544 1029 581 eorum

347 591 487 663 complures
503 593 618 645 monstris
633 612 704 659 quant
721 612 779 648 utto
789 596 911 649 riutiliota
924 599 1029 659 prode-

347 660 403 719 rent
411 683 418 725 3
425 664 474 715 fide
484 677 564 715 autern
574 660 712 729 dignissimi
725 661 840 714 videntur
850 665 1001 714 Ptolemaeus
1012 700 1026 725 ,

346 734 387 800 qni
409 746 495 797 postea
519 729 651 797 regnauit,
676 747 702 781 et
722 730 893 784 Aristobulns.
914 732 1026 783 Etenim

345 798 468 852 exstineto
484 800 531 860 iam
541 799 691 849 Alexandro
697 816 740 848 sua
754 798 881 849 edentibus
892 799 975 851 mettis
989 813 1026 851 et

346 866 518 919 assentationis
544 880 618 917 cause
642 867 821 925 decesserant,
849 864 936 931 quibus
963 870 1027 917 fere

345 936 518 992 narrandarum
528 948 608 985 rerum
622 933 713 982 veritas
724 933 847 997 corrumpi
862 935 944 986 solet:
958 951 1024 986 natn

345 1004 505 1054 Ptolemaeum
515 999 589 1051 etiam
598 999 660 1065 regii
669 999 776 1051 nominis
783 999 930 1066 dignitatem
945 1018 1025 1053 men-

346 1070 402 1121 daci
418 1066 521 1121 historia
537 1069 651 1133 polluere
665 1066 791 1130 voluisse,
808 1067 862 1133 quie
877 1070 992 1121 crederet
1008 1074 1021 1120 ἓ

345 1143 451 1203 Uterque
476 1150 556 1186 autem
583 1151 639 1185 cunt
655 1134 740 1192 multis
762 1137 793 1185 ad
818 1152 856 1185 res
876 1136 1021 1189 Alexandri

342 1202 526 1271 pertinentibus
543 1200 652 1321 ntfftiis
667 1220 718 1253 non
737 1201 894 1254 interfuerint
909 1206 989 1254 modo
1007 1242 1024 1267 ,

344 1271 513 1324 verumetiam
529 1274 578 1335 prae'
603 1269 668 1320 erint
677 1268 828 1330 uterinum
839 1286 888 1335 pra
901 1271 958 1326 aliis
967 1287 1022 1324 tta.

345 1342 403 1401 dere
413 1338 522 1405 potuisse
530 1338 619 1404 liquet.
637 1338 741 1407 Quoties
751 1337 827 1404 igitur
835 1338 998 1393 consentiunt
1007 1380 1018 1403 ,

343 1408 433 1461 ceteris
449 1406 649 1457 antehabuimna:
662 1405 702 1457 ubi
719 1404 745 1456 in
760 1404 884 1457 diversum
898 1407 992 1459 abeunt
1008 1445 1018 1469 ,

345 1493 376 1529 ex
391 1474 463 1541 copia
474 1491 554 1524 rerum
567 1490 595 1523 ta
609 1473 765 1537 potissimum
778 1472 944 1533 secrevimus,
963 1493 1020 1541 qua

345 1542 479 1611 diligenter
489 1541 553 1591 inter
566 1556 592 1590 se
607 1540 746 1604 composita
759 1539 871 1604 proxime
886 1543 917 1592 ad
933 1559 1019 1596 retunt

344 1626 468 1678 gestarum
478 1608 550 1659 fidem
560 1608 706 1657 videbantur
714 1609 840 1658 accedere.
855 1610 931 1670 Quod
939 1610 1020 1664 etiam

344 1694 404 1753 post
414 1692 509 1729 aetatem
520 1674 655 1725 Alexandri
671 1673 736 1725 alios
751 1676 893 1727 Graecorum
914 1694 1021 1731 secutos

286 1786 289 1793 .
345 1745 439 1804 uideo,
455 1742 542 1809 quibus
556 1740 636 1807 aliqua
646 1740 699 1791 veri
714 1742 844 1799 curarunt
860 1759 887 1794 et
895 1760 973 1809 nuper
985 1765 1018 1799 ex

344 1813 429 1867 Sicilia
443 1810 595 1861 Diodotum.
610 1812 674 1859 Nam
685 1809 725 1874 qui
735 1811 891 1862 exRotnanie
905 1812 1015 1865 animum

346 1883 378 1933 ad
394 1877 523 1931 historiam
538 1875 726 1941 applicuerunt,
742 1876 761 1925 ii
775 1878 860 1941 patriis
873 1880 944 1931 rebus
955 1900 1016 1935 cou-

346 1948 428 2009 tenti,
445 1960 541 2003 etterna
557 1944 683 2011 neglectui
699 1945 803 1996 habuere
817 1964 824 1998 t
840 1946 895 2011 quia
908 1947 1016 2003 victoris

346 2015 445 2084 populi*
454 2029 523 2083 genta
533 2012 746 2077 componentibus
754 2029 833 2078 neque
846 2016 958 2077 majestas
974 2033 1015 2068 re·

346 2103 401 2137 rum
416 2086 516 2140 deerat;
535 2095 560 2130 et
574 2082 629 2143 plus
642 2079 758 2132 utilitatis
773 2082 875 2131 allatura
893 2082 1018 2137 videban-

347 2168 389 2203 tur
402 2151 427 2201 in
442 2150 526 2199 eadem
537 2145 661 2210 republica
671 2146 825 2213 degentibus.
839 2152 953 2211 Quorum
964 2169 1017 2205 otu.

347 2219 416 2275 dium
434 2232 463 2268 ut
479 2216 551 2265 laude
569 2213 739 2281 dignissimum
755 2216 879 2270 arbitrort
895 2218 931 2270 tic
946 2236 1016 2273 extra

346 2281 562 2352 reprehensionem
580 2286 636 2332 fore
655 2282 772 2341 confido,
791 2283 812 2333 ti
827 2286 918 2337 nostris
937 2281 1032 2341 etiam*

331 2350 489 2409 -irominibun
500 2350 628 2401 ostendam
641 2367 696 2402 eum
710 2367 811 2417 regem,
825 2351 869 2418 qui
883 2371 946 2405 unus
958 2373 1017 2408 om·

347 2422 414 2483 nium
434 2416 598 2477 mortalium,
618 2418 682 2469 intra
703 2417 874 2471 brevissimum
895 2422 943 2473 evi
961 2427 1017 2489 spa-

348 2490 429 2549 tium,
442 2484 575 2553 plurimum
588 2500 708 2538 terratunt
721 2487 867 2552 occupauit:
877 2508 926 2554 quo
942 2508 1017 2557 appa-

348 2574 418 2619 reat,
428 2570 480 2613 non
492 2558 557 2607 forte
570 2570 647 2619 neque
660 2569 751 2605 temere
763 2570 801 2604 res
813 2554 1015 2619 bumanasfertit

348 2627 393 2678 ted
403 2625 545 2689 plerumque
553 2625 676 2673 fortunam
686 2638 732 2686 pro
741 2622 864 2681 moribus,
873 2642 952 2690 neque
960 2626 1016 2679 diu·

348 2708 445 2745 tunnam
459 2706 509 2741 esee
517 2689 678 2746 felicitatem,
694 2705 744 2753 quta
753 2688 846 2740 virtute
855 2693 1016 2748 destituatur.

348 2760 428 2827 {gitur
442 2756 609 2810 Alexandrum
626 2755 739 2806 omnibus
756 2755 849 2822 ingenii
865 2764 1015 2828 fortuneque

349 2826 451 2891 dotibus
465 2823 559 2875 abunde
571 2837 670 2889 auctum
684 2837 845 2891 ornatumque
859 2827 934 2879 fuisse
946 2847 1015 2881 com·

348 2894 443 2971 perio,
462 2889 550 2959 quibus
570 2892 672 2943 fatalem
696 2904 769 2945 tanta
791 2894 909 2959 potentie
930 2897 1014 2950 visunt
