2350 3967
251 416 301 475 tn
341 420 382 483 Q.
414 415 609 471 cunrruu
641 416 671 472 ι.
701 398 745 473 11:
815 431 849 497 a,

165 502 306 560 mimorum
322 518 498 573 armorumque
514 523 556 555 usu
572 506 674 559 cuilibet
690 511 849 565 multitudini

166 576 276 629 bostium
297 574 481 639 insuperabiles
497 589 573 625 erant.
594 575 749 641 Antipatro,
772 599 846 646 quem

166 662 219 696 cuna
230 642 372 694 duodecim
383 641 493 693 millibus
506 640 633 707 peditum,
652 657 677 694 et
691 644 761 699 mille
776 648 849 714 quin.

166 710 246 777 gentis
255 710 386 776 equitibus
395 708 550 761 Macedonia
559 710 703 777 Graeciaeque
710 715 780 765 rebus
787 733 847 780 prt-

168 780 274 837 fecerat,
292 778 457 840 injunctum,
476 788 504 827 ut
513 770 643 827 coutinubs
653 776 678 828 in
688 782 784 846 Europa
799 773 852 852 ded

170 848 245 897 lectus
264 860 371 911 ageret,
390 845 478 911 quibus
497 845 614 920 adversus
632 846 770 909 praeliorum
789 852 848 902 fati·

170 912 212 981 que
221 912 377 965 detrimenta
391 912 514 963 exercitus
527 910 629 978 subinde
638 929 777 967 novaretur.
786 920 846 971 Hoc

172 996 238 1032 uuum
248 980 296 1030 sibi
309 995 463 1044 exceperat,
482 996 536 1029 cum
546 994 627 1029 cetera
641 981 725 1032 amicis
741 985 847 1051 largire.

171 1046 217 1099 t'ur.
234 1047 368 1115 Quidquid
385 1046 529 1097 enimsal'va
544 1046 669 1109 majestate
681 1048 749 1117 regni
762 1053 846 1105 abesse
890 1076 896 1087 ¹

171 1131 286 1179 poterat,
307 1114 454 1181 priusquam
469 1130 543 1163 naves
558 1118 758 1179 conscenderet,
780 1119 847 1173 inter

172 1200 225 1233 suos
235 1181 373 1237 distribuit.
385 1178 518 1231 Perdiccas
532 1181 648 1243 praediurn
663 1187 729 1249 quod
745 1188 849 1241 dabatur

173 1266 221 1300 non
229 1248 341 1314 accepit,
360 1250 520 1314 interrogato
533 1264 609 1323 rege,
628 1253 684 1365 pisid
697 1256 791 1305 tandem
800 1259 848 1309 sili

172 1319 214 1385 ipsi
222 1319 308 1383 reliqui
310 1318 433 1393 faceret?
451 1330 524 1393 atque
538 1316 585 1365 illo
600 1331 626 1365 su
645 1316 760 1377 jiciente,
777 1342 846 1390 spes:

174 1384 392 1453 earumdemergffi
410 1398 503 1447 rnqurt,
518 1398 541 1435 et
550 1386 690 1499 nospsrtici
717 1390 849 1450 serimus,

174 1452 212 1517 qui
227 1453 276 1503 ruis
293 1452 413 1519 auspiciis
427 1454 573 1525 militamus.
614 1468 669 1529 auci
703 1466 751 1502 unc
768 1456 849 1509 secuti

175 1532 242 1567 sunt:
254 1534 298 1581 per
309 1532 413 1569 ceteros
424 1524 474 1567 non
490 1532 576 1578 stetr'n3
593 1535 652 1583 quin
661 1534 828 1589 interrogatus
842 1560 852 1587 ,

178 1584 215 1635 uli
232 1586 336 1635 thesauri
354 1586 432 1655 ipsius
453 1586 558 1637 essent?
580 1601 639 1636 vere
660 1590 846 1655 responderet,

178 1652 234 1717 apud
250 1654 349 1703 amicos.
367 1658 431 1702 Sanc
448 1654 478 1702 de
494 1666 585 1702 summa
598 1668 679 1703 rerum
694 1655 745 1705 alea
759 1659 822 1720 jacta
836 1697 846 1721 ,

177 1718 223 1767 iton
230 1718 329 1769 absurde
339 1719 482 1769 collocasse
492 1718 657 1787 videturopes
664 1739 722 1787 quas
729 1724 832 1776 habebat
840 1728 854 1779 τ’

180 1784 263 1851 quippe
277 1802 318 1837 aut
328 1786 417 1837 victor
432 1788 512 1837 multo
524 1788 626 1849 majores
639 1789 768 1853 adepturus
777 1810 850 1857 erat5

180 1867 217 1902 aut
231 1852 252 1901 si
265 1852 347 1904 victus
359 1869 444 1912 esset,
462 1854 520 1905 istas
534 1872 631 1920 quoque
646 1856 782 1913 amissurus.
795 1862 854 1911 At?

181 1934 223 1985 que
236 1918 332 1971 interim·
342 1920 506 1972 alacrioribus
524 1920 641 1984 ministris
655 1925 778 1977 utebatur.
794 1931 851 1977 Ne-

180 1986 222 2051 que
236 1990 336 2039 multum
356 1990 507 2040 abscedebat
523 1988 681 2051 presentibus
698 1992 854 2045 necessitatis

181 2052 238 2115 bus,
257 2070 309 2107 cum
325 2074 399 2123 agros
415 2072 441 2107 et
456 2056 562 2126 praetlia,
579 2072 605 2107 ct
620 2056 729 2119 reditus,
746 2061 859 2127 quorunss,

183 2119 313 2187 diesmulro
322 2140 381 2189 post
392 2122 593 2191 vennatiyerant',
614 2127 718 2187 donaret
727 2144 734 2177 t
744 2131 849 2193 pecunia

183 2186 275 2241 inbelli
288 2210 355 2243 usum
368 2190 502 2256 seposita,
520 2193 586 2253 cuius
601 2209 691 2262 quanto
706 2194 787 2247 minor
805 2205 856 2258 coa]
932 2254 941 2267 x

198 2252 216 2321 ia
233 2272 305 2319 erat,
330 2258 481 2327 diligentius
505 2258 727 2313 administrabatur.
750 2260 857 2330 Quippe'

181 2270 289 2389 lhilippo
315 2326 478 2387 interfecto,
502 2326 580 2377 minus
602 2329 728 2395 sexaginta
749 2333 849 2384 talentis

182 2392 280 2453 pecunie
295 2393 399 2461 signatae
415 2431 422 2455 ‚
448 2410 570 2459 paucaque
582 2412 611 2445 ex
627 2414 685 2445 auro
702 2413 729 2448 et
746 2416 854 2464 argento

182 2458 264 2519 pocula
279 2460 304 2509 in
320 2460 446 2512 thesauris
465 2463 515 2524 ejus
532 2476 626 2526 reperta
642 2478 715 2515 sunt:
726 2482 780 2514 cum
797 2467 853 2519 eris

185 2524 250 2575 alieni
259 2527 394 2597 quingenta
404 2532 481 2579 ferme
495 2530 585 2579 talenta
599 2530 756 2595 relinqueret.
767 2534 857 2594 Quan-

185 2607 247 2654 quam
260 2594 325 2645 enim
339 2596 388 2647 iste
403 2611 457 2647 rem
473 2597 658 2660 Macedonicam
670 2596 805 2663 insignibus
814 2598 855 2651 in·

185 2660 305 2713 'crementis
324 2664 452 2722 auxisset,
473 2662 525 2731 auri
546 2672 649 2731 quoque]
661 2664 767 2717 metallis
788 2670 854 2734 apud

186 2726 295 2779 Crenidas
306 2736 315 2791 (
326 2730 379 2796 ipse
398 2730 531 2795 Philippos
549 2731 702 2795 appellarit)
719 2730 754 2783 ita
770 2738 857 2805 exsul<

184 2790 230 2863 tis,
243 2812 269 2847 ut
281 2797 339 2847 inde
355 2797 428 2848 mille
442 2799 536 2847 talenta
551 2799 622 2848 annui
632 2814 764 2863 proventus
777 2821 856 2869 coge.

186 2870 274 2927 nutum
293 2865 434 2919 continuis¹
446 2862 537 2926 bellis,
553 2870 635 2931 'neque
647 2866 725 2921 minus
739 2870 860 2939 largicio}

712 2937 771 3004 Η)
