2350 3967
329 479 520 547 LIBER
562 483 655 550 111.
777 506 829 566 ¹53

82 563 83 650 3
157 579 241 660 quit,
258 580 369 644 Darius
382 583 489 662 aliquid
500 604 536 647 ex
546 585 597 646 dac
612 583 704 646 indole
718 583 846 646 hausim-

161 677 204 721 set
216 669 228 722 !
241 661 323 722 Tum
333 663 519 724 tabernaculo
528 680 651 746 egressus
659 703 669 733 ‚
678 666 766 726 tribus
775 667 833 726 arit

161 739 190 799 in
208 741 271 817 ripa
288 738 384 802 Pinari
392 743 508 812 amnis,
524 744 593 809 Jovi
610 761 693 822 atque
709 744 830 805 Herculi

162 819 508 896 Minervaequesacratit,
529 823 641 898 Syriam
657 823 747 898 petiit
768 823 832 883 Da·

161 919 313 990 marcum,
326 899 375 959 ubi
385 900 458 978 regis
467 918 538 980 gaza
549 919 630 971 erat,
643 901 833 962 Parmenione

160 997 316 1052 praemtsso·
576 1015 577 1021 κ
676 1023 679 1026 -

197 1054 275 1114 Car.
290 1054 378 1118 XIII.
399 1052 504 1131 Atque·
514 1057 558 1126 is,
577 1074 645 1118 ctuu
657 1057 831 1136 praecessisse

160 1131 240 1194 Darii
263 1149 407 1210 satrapam
431 1137 612 1212 comperisset
632 1153 642 1208 ς
665 1137 767 1199 veritus
792 1155 831 1197 rte

160 1213 286 1286 paucitas
295 1233 414 1272 suorum
424 1229 760 1290 sperneretur‚arcetsere
769 1235 831 1274 ma·

160 1289 252 1366 jurem
263 1311 385 1350 manum
394 1293 501 1354 statuit.
512 1294 565 1352 Sed
576 1294 687 1355 fortcia
696 1295 830 1370 explora·-

160 1385 233 1428 tores
249 1371 289 1428 ab
301 1389 338 1428 eo
349 1371 503 1445 praemissos
515 1372 613 1431 incidit
623 1371 740 1431 natione
751 1373 831 1431 Mar-

160 1447 225 1515 dus,
241 1449 293 1524 qui
305 1448 340 1506 ad
352 1447 570 1524 Parmenionem
580 1449 749 1526 perductus,
768 1451 834 1509 lite·

159 1544 201 1585 ras
223 1527 260 1586 ad
282 1527 480 1588 Aiexandrum
502 1547 518 1587 a
541 1529 673 1605 prefecto
695 1525 831 1588 Damasci

159 1605 255 1664 missar
276 1605 362 1666 tradit
379 1607 405 1666 ei
418 1626 431 1678 -3
449 1625 500 1665 nec
518 1605 642 1667 dubitare
661 1624 721 1665 eum
736 1643 747 1675 ,
765 1605 832 1684 quin

160 1699 266 1742 omnem
289 1683 396 1762 regiam
417 1683 613 1766 supellectilem
635 1703 695 1744 curn
712 1684 831 1764 pecunia

159 1759 300 1831 traderer,
325 1763 437 1842 adjecit.
462 1763 613 1824 Parmenio
637 1762 776 1824 arremari
798 1782 831 1824 eo

159 1840 255 1917 jussu,
278 1842 375 1902 literas
390 1843 501 1919 aperit:
517 1843 547 1902 itt
559 1845 658 1919 quibus
667 1859 727 1902 erat
737 1841 829 1919 terip-

82 1949 83 1956 κ
158 1933 241 1992 tum3
262 1937 409 2000 armature
423 1919 584 1980 Alexander
599 1918 718 2007 aliquem
730 1941 766 1979 ex
776 1919 831 1977 du·

159 1997 234 2057 tibus
246 1997 310 2058 tuit
323 1997 463 2066 mitteret,
482 2017 545 2058 cum
556 2017 636 2058 manu
647 2015 760 2076 exigua.
772 1998 832 2056 lta·

158 2097 210 2152 que
231 2097 263 2136 re
274 2075 421 2158 cognita,
443 2077 576 2136 Mardum
593 2077 663 2136 datis
679 2075 833 2136 comitibus

158 2157 191 2216 ad
201 2155 381 2232 proditorem
393 2156 521 2218 remittit.
533 2156 616 2216 llice
625 2157 755 2215 manibus
767 2175 832 2214 cus-

159 2234 332 2296 todientium
342 2237 434 2312 lapsus
444 2275 455 2304 ,
472 2235 648 2294 Damascum
659 2252 724 2295 ante
733 2236 829 2294 lucem

157 2311 252 2375 intrat.
271 2314 452 2376 Turbaverat
462 2335 495 2373 ea
505 2311 547 2373 re'r
558 2313 754 2373 Parmenionis
764 2311 830 2371 ani-.

158 2413 237 2452 mum
252 2417 262 2458 5
283 2393 399 2453 insidias
417 2391 562 2464 timentist
582 2397 613 2452 et
627 2393 757 2470 ignotum
774 2391 837 2448 iter.

158 2472 216 2530 titre
235 2473 309 2532 duce
327 2493 388 2530 non
405 2471 525 2530 audebat
542 2471 649 2550 ingredi
670 2493 679 2529 t
700 2467 833 2528 felicitati

159 2567 254 2610 tamen
265 2552 342 2629 regit
353 2550 396 2609 sui
406 2548 544 2617 confisus,
561 2567 686 2638 agrestes
697 2589 708 2615 ,
721 2543 835 2634 quida.

159 2648 203 2688 cer
223 2627 339 2688 itineris
358 2645 470 2696 essent,
494 2625 587 2707 extipt
609 2625 699 2705 jussit.
719 2623 833 2700 Quibus

157 2706 435 2785 celeriter-repertis,
451 2723 551 2783 quarto
561 2705 605 2776 die
616 2705 650 2763 a'd
658 2706 755 2763 urbem
767 2721 832 2778 perb

156 2787 253 2846 verrit:
268 2786 329 2863 jam
340 2801 485 2846 metuente
493 2783 644 2862 praefecto3
655 2803 692 2841 ne
701 2781 752 2840 sibi
763 2781 831 2841 fidet

157 2862 254 2926 habita
263 2885 326 2926 nou
340 2881 424 2928 ester.
437 2863 611 2947 igiturquasi
619 2881 722 2942 parunt
731 2861 835 2922 nutui-
