2350 3967
355 472 388 517 ιι
454 444 481 514 ι’.
507 440 705 512 sarram.
738 457 929 511 susurrat.

355 566 426 617 quam
443 564 530 614 magna
547 564 603 597 cura
621 561 806 611 comparaverat
822 544 993 602 Alexander,
1025 547 1043 597 ἓ

356 619 634 674 ιιιινιιιιιοιιοοιιειιιις
649 612 948 679 quippescriniumillrui,
966 628 1042 663 curn

356 684 432 733 adhuc
445 684 569 732 l'ersarum
585 696 660 738 esset,
675 680 804 747 unguentis
817 694 843 729 et
851 680 975 730 odoribus
993 696 1043 729 ao-

355 750 479 801 servandis
491 748 637 800 serviverat.
649 749 755 809 Quidam
769 764 885 816 prospere
898 762 974 813 geste
992 744 1041 797 rei

355 816 477 875 nuntius,
497 832 552 869 cum
571 816 650 866 citato
674 833 744 870 cursu
760 817 790 865 ad
813 831 868 865 eum
889 818 1009 864 ferretur
1025 848 1039 872 ‚

355 884 511 950 dextramque
531 883 694 949 porrigeret,
716 884 786 933 uultu
805 880 913 931 maxime
931 880 1038 931 laetitia

355 967 426 1003 notas
434 954 597 1016 praferemee
612 950 676 1011 Quid
687 953 744 1002 milui
752 966 909 1001 nuntiaturus
916 968 942 1001 er
952 960 1037 999 tanto

352 1021 589 1123 gaudiodiguum,
608 1015 709 1081 inquit,
728 1017 881 1080 niciforum
902 1019 1039 1069 Homerus

355 1087 462 1138 revixit.
458 1060 530 1133 ised
545 1102 597 1134 tum
610 1101 640 1133 eo
654 1085 701 1159 iam
716 1082 843 1133 felicitatis
857 1098 1035 1146 pervenerat,

350 1168 384 1203 ιιι
401 1152 592 1229 propemodum
603 1150 724 1201 exsatiat:
746 1149 830 1216 gloriae
850 1148 914 1198 nihil
937 1151 1037 1199 deesse

349 1234 468 1293 putaret,
482 1236 510 1284 p
512 1234 568 1269 ater
584 1216 699 1267 idoneum
713 1217 905 1268 buccinatorem.
928 1217 1035 1267 Crebra

357 1296 437 1339 autem
456 1286 564 1344 lectione
583 1301 664 1337 totum
680 1288 730 1335 fers
749 1284 874 1341 edidicit,
899 1297 928 1332 ut
943 1300 1033 1337 nemo

354 1370 433 1419 neque
448 1355 568 1431 promtius
580 1370 613 1403 eo
630 1351 819 1415 familiariusque
835 1366 961 1407 uteretur·
983 1366 1034 1400 ne·

356 1436 402 1489 que
417 1426 524 1473 exactius
534 1424 564 1473 <le
580 1438 611 1471 eo
621 1420 748 1480 iudicaret.
764 1424 802 1474 ιιι
812 1418 924 1469 omnibus
937 1434 1032 1492 autem

345 1486 407 1549 'eius
423 1489 569 1539 carminibus
586 1487 689 1537 maxime
702 1488 822 1563 probabat
832 1502 886 1536 ser<
891 1502 948 1541 um,
971 1504 1032 1550 quo

344 1556 415 1607 'boni
426 1556 513 1607 timul
508 1555 675 1632 imperatoris,
691 1554 830 1618 robustique
840 1552 927 1603 militis
935 1553 1033 1603 laudes

344 1622 537 1703 'Agamemnoni
562 1621 728 1683 tribunatum
749 1637 850 1698 eumque
873 1620 1031 1684 precipuum

355 1690 455 1741 virtutis
472 1690 672 1745 incitamentum,
687 1687 800 1737 etreluri
811 1704 904 1738 morum
919 1704 1029 1739 suorum

354 1757 499 1831 magistrum
516 1759 610 1807 habuit.
633 1754 698 1805 His'
692 1770 772 1820 reaque
788 1752 927 1824 disciplinis
942 1753 1031 1805 imbu-

341 1820 412 1881 ''tus,
430 1840 526 1875 summae
540 1821 702 1874 fortunierim
717 1836 788 1885 atque
797 1818 940 1900 dignitatem
950 1838 1029 1899 egre·

356 1890 396 1957 gie
405 1906 455 1942 tuta
459 1908 498 1943 tut
498 1906 560 1970 ,ιιις
574 1890 712 1962 nupetbia
697 1890 778 1939 otlice
780 1889 829 1939 ntia
840 1925 848 1947 ,
866 1908 910 1954 qua
919 1888 1027 1954 quidan't

354 1958 410 2009 sola
427 1957 549 2025 principes
562 1973 655 2024 agunt,
678 1954 804 2008 abstinuit.
816 1958 897 2008 Cultu
916 1972 1027 2021 curaque

341 2027 470 2093 Ιιιιιιιιιιιι
479 2028 541 2077 haud
552 2026 656 2077 multum
670 2041 738 2089 supra
748 2023 839 2089 privata
832 2024 948 2073 modam
959 2024 1027 2075 eml-

342 2108 430 2153 mens,
448 2095 539 2145 uirtute
557 2092 727 2157 potiusquam
745 2090 849 2142 restium
872 2106 960 2141 ornatu
982 2108 1028 2142 an·

291 2163 294 2169 '
352 2158 503 2219 teireasaos,
521 2158 703 2222 imperatorium
720 2160 847 2211 censebat:
859 2157 959 2216 hilaris,
975 2160 1025 2211 lata-

340 2242 455 2286 mmum,
473 2225 599 2282 affabilist
618 2240 645 2277 ut
663 2241 744 2276 tamen
764 2242 914 2277 contemtum
934 2228 1025 2278 exclu-

340 2294 425 2346 'deret
441 2312 449 2343 a
465 2292 648 2348 vinodeditust
666 2295 708 2343 sed
717 2293 779 2345 citra
793 2294 952 2369 ebrietatem,
945 2310 952 2325 ·
963 2310 1023 2345 nam

340 2358 376 2410 ἰι
392 2360 471 2412 otium
483 2375 666 2419 marcianenses,
684 2359 835 2411 sermonibus
851 2359 930 2424 magis
947 2378 1022 2426 quam

337 2426 542 2501 'compotatione
555 2444 651 2496 tempus
659 2428 815 2479 extrahebat
823 2428 993 2492 Voluptates'
985 2444 1022 2479 rea

337 2494 503 2554 ὀσιιιιιιιιιι,
521 2512 548 2547 ut
563 2496 636 2549 marri
653 2513 732 2545 euram
749 2495 877 2554 ιιιιὶιιιιι,
896 2512 925 2545 ne
945 2496 1021 2573 plane

338 2560 386 2613 ²ad
410 2577 496 2627 genera
497 2534 572 2621 iudum
590 2562 707 2613 inhabilis
723 2576 795 2611 esset
818 2562 912 2612 lllud'
905 2561 1023 2627 inprimis

337 2629 475 2694 'relieiose
484 2630 581 2689 tenuit,
608 2647 648 2681 ne
646 2632 729 2706 ‘culus
731 2644 811 2678 torum
825 2623 940 2681 iiolaree.
956 2631 1022 2695 Qui-

337 2696 399 2747 “bus
416 2696 472 2747 uita'a
487 2714 630 2759 morumque
642 2695 764 2746 institues
779 2694 821 2746 diu
835 2696 946 2751 inhesise
968 2713 1021 2747 ma-

336 2774 476 2829 ·gnumque
497 2780 522 2815 et
538 2762 719 2813 memorabilem
734 2779 818 2827 regem
838 2763 918 2828 egita
937 2766 1018 2815 donec

338 2828 455 2948 ·imprtu
457 2833 578 2895 quodam,
596 2843 625 2884 oe
635 2830 824 2907 seiuttorrente
840 2834 942 2881 fortunar
958 2848 1019 2883 eon-

336 2905 385 2949 aru
397 2914 436 2951 sus
452 2913 478 2953 et
493 2912 617 2957 mutatus,
630 2894 764 2965 pristinam
779 2896 853 2949 animi
868 2898 1021 2951 moderatio-

961 2984 1017 3018 nem
