2350 3967
368 458 398 505 18
467 450 493 500 J.
530 450 722 500 FREINSH.
757 448 952 500 supplent.

365 535 505 605 equitabilis
526 534 644 601 planicies
659 535 776 593 suberat,
795 553 856 603 ergo
872 536 1051 589 ferocientem

365 605 573 670 exsultantemque
588 602 670 653 effusis
685 603 711 652 in
726 602 818 653 collum
829 604 950 665 habenis,
966 608 1052 655 adae·

365 672 444 739 tisque
455 670 574 721 calcaneis
592 687 646 719 curn
664 668 757 735 ingenti
771 672 881 721 clamore
895 672 922 721 in
938 690 1047 725 tursum

365 736 498 805 permittit.
509 742 598 807 ingens
606 738 695 787 deinde
710 737 787 801 campi
798 738 903 801 spatium
915 755 1027 791 evectus
1038 777 1049 799 ,

364 808 413 871 jam
430 805 544 856 lassatum
566 822 592 857 et
613 805 747 863 consistere
761 806 891 855 volentem
904 806 1048 871 impellere

366 880 418 925 iton
434 886 503 924 antea
519 871 636 932 destitit,
654 888 724 938 quam
740 873 880 923 exhaustum
900 888 997 933 cursu,
1019 890 1048 925 et

366 938 452 991 labore
469 936 610 999 domitum,
627 937 815 989 mansuetiorem
831 940 1050 1002 jam'rnitidrern-

367 1026 413 1075 que
424 1004 566 1060 reduxisset.
576 1007 772 1057 Descendentem
781 1007 935 1059 manantibus
943 1010 1048 1077 gaudio

366 1074 474 1126 lacrimis
491 1077 635 1141 complexus
652 1090 691 1125 eat
704 1090 788 1139 pater3
807 1077 943 1141 osculoque
959 1077 1047 1142 capiti

366 1142 513 1209 impresso,
539 1150 617 1211 majus
638 1144 762 1211 imperitam
784 1145 831 1195 sibi
852 1146 1047 1215 circumspicere

366 1208 454 1275 jussit,
474 1226 514 1263 nte
529 1212 592 1263 enim
606 1211 754 1261 Macedoniae
769 1228 869 1279 regnam
883 1227 982 1262 tantam
999 1214 1048 1263 ἰη-

369 1282 446 1331 dalem
459 1284 548 1354 capere.
562 1279 624 1327 Post
632 1278 682 1328 haec
696 1276 845 1341 Bucephalas
857 1293 911 1327 curn
927 1277 954 1327 ira
972 1293 1049 1330 eete‘·

367 1348 410 1399 tds
418 1349 536 1395 ferociam
548 1362 613 1399 suam
621 1342 756 1404 retineret,
771 1344 812 1394 uni
821 1344 966 1395 dleirandio·
976 1346 1044 1396 mira

366 1411 529 1466 submissione
544 1412 641 1477 patuit3
655 1412 837 1477 multorumque
850 1427 909 1462 mox
923 1412 1044 1464 laborum

368 1497 442 1547 atque
463 1478 630 1529 discriminum
646 1477 728 1528 cneius
742 1515 762 1536 ,,
773 1478 799 1527 in
814 1480 902 1544 prtalio
918 1479 1045 1532 adveisub

366 1548 458 1599 Porum
470 1546 553 1611 periit.
562 1546 671 1613 Dignum
679 1544 705 1594 id
715 1560 886 1613 argumentum·
893 1546 976 1598 ristun
984 1548 1043 1612 c'tt,

368 1634 418 1681 quo
433 1615 586 1681 illustrarent
603 1630 678 1678 opera
691 1628 734 1662 tna
747 1613 896 1665 nobilissimi
911 1614 1043 1677 artificesk

370 1686 467 1733 duraret
481 1692 602 1732 marmore
614 1696 705 1730 statuas
718 1696 805 1745 equam
815 1681 939 1733 dementit
953 1700 1044 1733 osten-

368 1760 437 1808 'tanta
453 1748 581 1799 Praxitelis
594 1764 621 1799 et
634 1746 728 1797 Phidiae
743 1764 876 1801 certarnen.
897 1751 1042 1803 Alexandri

369 1816 408 1867 cas
417 1814 536 1882 imagines
549 1832 617 1873 erse,
629 1814 743 1879 *quamvis
757 1816 849 1883 ambigi
864 1816 960 1883 possit,
979 1836 1042 1870 aue-

368 1898 437 1934 tores
448 1884 510 1935 haud
520 1877 619 1933 obscuri
628 1882 795 1933 erediderunt.

369 1952 374 1969 ‘
405 1950 535 2020 ΟΜΝ.
552 1947 600 2002 l-lis
616 1964 688 2018 atque
699 1949 900 2018 talibus‘ingenii
912 1952 988 2003 animi
1008 1965 1041 2004 ure

368 2018 538 2083 eipeiimentis
558 2034 611 2068 eam
630 2019 692 2082 apud
710 2016 853 2085 Philippum
869 2016 965 2070 existim
1005 2036 1041 2069 o.

368 2102 423 2135 uena
447 2086 530 2135 nactus
545 2100 599 2142 est,
623 2097 651 2133 ut
670 2094 724 2133 curn
738 2085 791 2150 ipse
802 2085 951 2153 Byzantinos
967 2088 1041 2138 obsi»

369 2153 443 2202 dione
458 2166 572 2219 urgeret,
587 2151 705 2211 idoneum
721 2153 768 2212 iarn
786 2153 918 2203 crediderit
938 2153 1038 2215 lilium',

369 2218 408 2269 cui
419 2218 497 2269 libera
508 2236 563 2269 cum
577 2234 699 2283 potestate
708 2222 951 2272 Macedouie'cnrarn
966 2240 1041 2273 com·

367 2286 494 2344 inliceret,
511 2303 586 2337 anuos
595 2287 697 2336 omnino
706 2288 812 2338 sedecim
826 2289 964 2340 habentem.
976 2284 1038 2353 Quo

368 2370 498 2419 comperto
514 2354 671 2405 Medarorum
685 2353 801 2420 quidam,
821 2356 924 2405 Thracia
940 2358 1012 2407 natio
1028 2394 1037 2417 ,

368 2420 520 2472 Macedoniae
542 2423 667 2484 subjecta,
691 2438 855 2486 opportunum
880 2423 1038 2485 defectioni,

369 2506 438 2561 quanm
454 2490 545 2540 dudum
560 2488 702 2555 agitabant,
720 2504 815 2553 tempus
830 2491 956 2557 advenisse
967 2491 1037 2552 rati,

365 2554 473 2613 ¹'c'uusilia
492 2558 624 2608 nudavere.
649 2556 695 2607 Sed
719 2558 860 2607 adolescens
884 2556 1037 2611 ostentandae

186 2652 189 2659 .
253 2622 268 2642 '⁵
317 2611 470 2674 ''s“virruris
488 2624 618 2675 occasione
632 2625 720 2683 letus.
746 2640 800 2673 0¹¹¹ss
818 2624 1036 2691 (Ῑῡίῖὅῑῑςὲὶῄῑῖἐξ

369 2690 463 2741 relictis
472 2706 577 2755 propere
587 2690 611 2738 in
623 2701 665 2738 eoa
675 2690 755 2740 movit
764 2709 771 2741 a
781 2690 902 2759 vittisque
912 2708 938 2743 ct
947 2694 1035 2759 ejectis

369 2756 515 2818 rebellibus,
532 2756 617 2807 urbem
631 2771 714 2806 eorum
727 2756 789 2825 varii
804 2760 899 2826 generis
913 2762 1039 2815 convenit

366 2824 522 2875 babitandam
541 2818 610 2875 dedit
626 2840 633 2874 t
649 2822 688 2873 illi
704 2824 927 2895 Alexandropolinu
942 2843 972 2879 ct
988 2834 1037 2880 no-

276 2948 281 2957 .
297 2946 299 2950 ,
362 2892 435 2987 “mine
450 2890 557 2977 appetatis
571 2891 608 2945 tui
623 2892 787 2959 appellavere.
803 2895 934 2962 Philippus
941 2907 1035 2951 eventu
