2350 3967
286 450 291 457 ”
351 446 407 502 282
532 435 574 515 Q.
615 432 895 503 CURTII„

349 536 458 607 laboti,
475 556 525 597 nec
533 533 915 629 periculoparceretslgitur
923 534 1030 615 raptim

299 668 303 678 .
348 638 452 709 agmen
474 636 569 677 cursus
589 636 682 696 magis
699 636 786 691 quam
806 633 919 677 struens
937 618 1029 677 modo
1094 623 1096 626 ’

348 701 426 759 duest
440 720 448 757 :
461 716 498 757 ne
507 714 648 756 nocturna
658 695 774 771 quidem
783 695 880 773 quiete
891 696 1028 757 diurnum

347 780 479 870 laborem
490 777 647 837 relaxante.
660 775 759 853 Itaque
770 773 930 868 quingenta
939 776 1027 837 stadia
1094 783 1096 786 ’

349 874 487 950 processit
501 879 509 916 :
525 871 750 933 perventumque
768 870 829 913 erar
846 874 878 915 m
897 875 1028 926 vicum,
1094 871 1095 924 s

348 960 379 997 an
391 936 579 1015 quoDariutn
591 935 690 994 Bessus
701 932 971 1011 comprehenderat.
983 935 1029 996 'lbi

349 1018 452 1077 Melon
469 1014 552 1075 Darii
569 1013 705 1092 interpres
720 1012 876 1090 excipitur.
893 1012 1030 1091 Corpore

349 1116 423 1177 aeger
439 1114 498 1155 non
509 1110 641 1172 potuerat
651 1112 755 1173 agmen
765 1092 863 1171 sequi,
880 1110 910 1155 et
927 1092 1028 1170 depre-

349 1174 452 1236 hensus
467 1174 614 1235 celeritate
625 1174 720 1257 regis,
735 1172 911 1265 transfugam
924 1192 955 1233 se
969 1193 1029 1234 esse

349 1256 511 1317 simulabat.
524 1252 569 1313 Ex
581 1251 638 1313 hoc
648 1268 713 1313 acta
722 1270 885 1333 cognoscit.
894 1251 951 1312 Sed
960 1250 1027 1312 fati-

337 1334 423 1417 gatis
440 1334 595 1395 necessaria
604 1332 683 1411 quies
698 1349 770 1394 erat.
789 1332 889 1410 Itaque
907 1330 1028 1393 delectis

351 1414 480 1493 equitum
490 1434 538 1473 sex
548 1412 692 1480 millibus,
707 1428 867 1481 trecentos,
882 1432 957 1489 quos
968 1408 1030 1472 Di·

351 1492 465 1554 mtchas
477 1493 642 1571 appellant,
662 1490 809 1573 adjungit:
821 1489 908 1553 ‹iorso
919 1490 949 1551 hi
960 1511 1027 1573 gra-

350 1575 433 1635 viora
448 1592 529 1633 arma
539 1574 711 1650 portabant,
730 1590 857 1633 ceterum
873 1572 955 1649 equis
975 1590 1027 1633 ve·

351 1652 522 1725 hebantu13
544 1672 612 1712 cum
632 1670 675 1711 res
699 1650 834 1728 locusque
856 1666 993 1727 posceret
1014 1690 1027 1718 ,

350 1730 483 1811 pedestris
496 1730 571 1791 acies
581 1748 653 1792 erar.
666 1728 738 1792 Haec
749 1746 882 1811 agentem
895 1728 1027 1807 Alexan-

349 1810 433 1872 drum
448 1812 552 1873 adeunt
562 1809 688 1872 Orsillos
697 1827 726 1871 et
737 1807 958 1888 Mythracenes3
977 1808 1032 1887 qni

350 1890 427 1953 Bessi
437 1890 620 1970 parricidium
628 1888 709 1950 exosi
721 1888 946 1969 transfugerant3
955 1906 1028 1948 nun·

350 1970 536 2049 siabantque,
555 1967 680 2031 stadiae
693 1967 791 2029 abesse
802 1968 908 2029 Persas
916 1987 933 2040 ;
950 1967 1033 2049 ipsos·

349 2050 463 2111 brevius
473 2052 527 2111 iter
544 2066 757 2111 monstraturos.
774 2046 882 2109 Gratus
899 2048 962 2129 regi
974 2047 1025 2109 ad·

1094 1655 1096 1798 i

1094 1819 1095 1888 i

1094 1891 1095 1948 i

348 2126 1025 2209 ventusnansfugarumfuit.lraqueprimaves·
1094 2131 1095 2190 ἴ

347 2225 417 2287 pera
433 2207 547 2269 ducibus
563 2207 665 2268 iisdem
679 2207 886 2285 cumexpedita
896 2207 1026 2285 equitum
1094 2225 1095 2230 ’

348 2305 438 2347 manu
452 2302 641 2347 monstratam
656 2286 736 2348 viam
751 2287 932 2369 ingreditu13
956 2284 1026 2365 pha·
1094 2323 1095 2334 ς

347 2366 457 2447 lange,
487 2384 616 2445 qnantum
640 2364 781 2442 festinare
802 2382 924 2446 posset,
948 2362 1028 2442 sequi
1094 2411 1095 2428 2

348 2468 434 2525 jussa.
446 2444 508 2525 Ipse
524 2447 661 2523 quadrato
675 2466 792 2526 agmrne
807 2445 965 2515 incedens,
986 2443 1026 2505 ita

347 2546 461 2587 sursum
473 2528 609 2606 regebat,
630 2543 662 2585 ut
671 2525 756 2603 primi
765 2525 906 2606 conjungi
917 2524 1025 2585 ultimis

335 2622 474 2683 possent.
483 2605 548 2665 Ccc
566 2604 654 2665 stadia
668 2622 880 2682 processerant,
895 2624 965 2665 cum
973 2625 1025 2665 oc-

348 2683 1027 2762 curritBtocubeiusMazaeifilins,Syriaequon·

347 2761 414 2821 darn
424 2780 536 2839 praetot.
548 2764 576 2833 1s
585 2783 698 2841 quoque
708 2763 853 2844 transfuga
864 2766 1022 2832 nuntiabat,

347 2828 550 2907 Bessumitaud
569 2840 687 2927 anplius
698 2862 779 2924 pisam
800 2864 838 2920 ee
856 2841 956 2907 stadia
971 2841 1024 2918 abe.
