2350 3967
359 444 387 511 L
405 447 462 536 158
482 445 507 512 E
527 448 554 512 R
593 446 644 514 Xt
770 457 834 529 5351'

155 557 232 692 'get'
250 560 295 610 est
303 589 314 618 ‚
335 567 381 610 oro
396 569 558 630 quaesoque,
579 547 677 630 eligite
691 546 841 630 potiorem.¹

199 629 290 690 bortis
305 628 405 690 deinde
425 629 556 708 lacrymis
571 629 702 692 diadema
718 629 840 691 detrahit

158 708 274 788 capiti3
292 707 439 780 dextram,
457 708 554 787 quaid
569 711 703 778 tenebat,
722 728 840 788 proten·

162 789 257 857 dens,
273 804 305 848 ut
320 786 346 846 si
360 785 422 867 quis
434 808 465 849 se
477 786 631 867 digniorem
642 785 838 868 profiteretur,
923 833 925 836 ψ

158 866 318 947 acciperet.
332 867 481 948 Ingentem
492 887 571 945 spem
579 868 682 928 indolis
691 886 756 928 ante
768 889 837 929 eum

163 947 246 1008 diem
260 944 351 1006 fratris
367 947 493 1007 claritate
509 967 706 1025 suppressam,
722 967 757 1007 ea
770 968 840 1020 moe

160 1025 263 1086 derata
278 1024 413 1087 excitavit
428 1024 532 1089 oratio.
550 1027 649 1115 Itaque
664 1025 758 1087 cuncti
776 1027 840 1117 ins:

159 1121 226 1166 tare
244 1124 287 1164 coe
307 1121 409 1174 erunt,
429 1122 459 1164 ur
475 1124 534 1183 qttae
551 1121 689 1185 agitasset
704 1119 723 1175 ,·
738 1122 840 1184 exequi

160 1180 261 1246 vellet.
278 1124 402 1245 liosdem
420 1204 512 1262 rursus
528 1184 606 1265 legar
623 1184 784 1262 perituros,
806 1198 838 1244 ut

160 1259 341 1342 Meleagrum
350 1260 459 1323 tertium
468 1259 562 1324 durem
573 1263 742 1342 acciperent.
751 1259 838 1321 Haud

159 1363 186 1403 κ
222 1341 278 1401 eid
293 1343 477 1420 impetratum
490 1358 541 1404 est.
559 1341 639 1401 Nam
656 1359 686 1402 et
699 1341 839 1401 abducere
914 1338 918 1348 '

158 1362 347 1500 nideagrum
364 1421 497 1482 Perdicca
515 1443 532 1482 a
551 1441 618 1500 rege
633 1420 786 1498 cupiebat3
807 1435 842 1479 er

160 1519 256 1560 unum
267 1500 375 1561 duobus
384 1499 523 1578 imparem
532 1499 658 1562 futurum
670 1519 728 1560 etse
739 1518 841 1562 cense-

161 1581 228 1642 bat.
238 1577 328 1658 Igitur
335 1579 485 1661 Meleagro
494 1599 559 1640 cum
567 1577 708 1660 phalange
720 1578 839 1639 obviam

162 1676 301 1740 egresso,
318 1657 452 1719 Perdicca
464 1658 592 1738 equitum
601 1676 707 1718 turmas
718 1673 837 1723 antece·

159 1737 235 1798 dens
246 1737 379 1798 occurrit.
394 1739 558 1815 Utrumque
568 1757 671 1820 agmen
681 1754 780 1799 mutua
792 1757 837 1798 sa·

158 1816 388 1878 lutationefocra
400 1817 482 1890 coit;
500 1817 731 1895 inperpetuum,
749 1832 839 1877 utar·

154 1895 357 1965 bitrabantur,
376 1895 649 1973 concordiaetpace
661 1894 789 1958 firmata.

202 1974 280 2038 Cur.
299 1973 357 2037 lX.
372 1974 431 2034 'Sed
451 1975 508 2051 jam
528 1974 592 2036 fatis
612 1974 842 2036 admovebantur
941 2034 943 2038 .

155 2053 355 2121 Macedonum
376 2053 454 2134 genti
476 2053 552 2114 bella
574 2052 682 2115 civilia.
702 2052 781 2113 Nam
805 2069 840 2116 et

157 2133 328 2194 insociabile
344 2148 386 2192 esc
401 2153 521 2212 regnum
534 2153 543 2206 3
561 2149 590 2194 et
607 2155 627 2192 a·
639 2131 764 2210 pluribus
781 2151 834 2193 ex-

156 2215 320 2292 petebatur.
338 2209 466 2272 Primum
484 2231 553 2293 ergo
571 2212 648 2273 colle
668 2231 715 2272 ere
731 2213 806 2274 vires
821 2231 836 2287 ς

157 2291 262 2352 deinde
279 2291 465 2368 disperserunt
478 2313 489 2351 ε
504 2311 534 2352 et
550 2312 617 2351 cum
628 2233 753 2371 piuribus
765 2311 835 2350 cor·

102 2428 105 2434 .
157 2391 234 2451 pur,
254 2391 339 2449 quam
359 2371 509 2447 capiebat,
530 2387 718 2437 onerassent,
738 2385 838 2430 cetere

155 2453 289 2512 membra
306 2449 426 2510 delicere
443 2464 589 2526 coepemnt
603 2447 760 2526 :quodque
774 2447 835 2507 im·

154 2531 269 2609 perium
294 2531 343 2590 sub
363 2547 422 2589 uno
442 2547 514 2589 stare
539 2527 674 2605 potuisset
690 2567 703 2594 ‚
718 2525 787 2586 dum
815 2545 836 2587 a

155 2609 284 2688 pluribus
295 2609 465 2677 sustinetur,
482 2607 549 2669 ruit·
558 2605 680 2667 Proinde
693 2605 753 2682 jure
766 2624 835 2665 me·

155 2691 270 2765 titoque
281 2687 402 2766 populus
416 2687 564 2748 Romanus
576 2683 694 2746 sulutem
712 2703 744 2744 te
752 2681 837 2764 pritt-

154 2762 215 2848 cigi,
225 2785 275 2826 suo
286 2764 382 2826 debere
392 2766 559 2845 profitetur,
568 2765 614 2827 cui
625 2762 718 2825 noctis
726 2802 736 2833 ‚
745 2781 836 2841 quam

151 2865 230 2929 pene
247 2865 410 2928 supremam
428 2844 602 2918 babuimus,
623 2863 734 2910 novum
757 2841 835 2906 sidat
