2350 3967
355 465 550 557 LIBER
589 473 714 538 Vlll.
810 483 874 555 '437

187 569 261 638 {olii
281 573 441 636 exestuant
452 614 464 642 ,
488 573 599 634 ltidianl
621 575 701 634 nives
722 577 870 638 obruant:

186 673 344 731 rursusque
357 654 405 713 ubi
418 671 511 714 cetera
522 655 630 734 rigent,
643 655 703 714 illic
716 657 875 718 intoleran-

186 735 244 794 dus
257 751 339 794 aestus
352 731 464 794 existat.
479 733 545 793 Nec
560 754 630 801 cur,
649 734 702 794 ulli
719 755 748 794 te
764 755 871 796 naturae

189 832 282 875 causa
301 812 429 891 ingessit.
444 813 525 873 Mare
544 829 641 882 cette,
659 835 717 890 quo
735 816 870 884 alluitur,

188 912 229 954 ne
252 891 355 951 colore
374 892 490 969 quidem
507 889 640 952 abhorret
657 914 673 951 a
692 895 801 956 ceterisr
821 895 869 956 Ab

186 971 315 1047 Eiythra
328 969 407 1061 llege
420 971 542 1032 inditum
556 989 598 1032 est
612 991 718 1032 nomen
729 994 739 1032 c
752 991 867 1050 propter

187 1050 272 1129 quod
293 1049 383 1131 ignari
403 1052 504 1112 tubere
525 1069 610 1128 aquas
626 1052 755 1112 creduntt
777 1053 869 1116 Terra

188 1130 246 1192 lini
255 1125 336 1190 ferax
347 1132 358 1202 ξ
378 1131 452 1190 unde
464 1132 604 1208 plerisque
617 1137 682 1192 sunt
692 1149 795 1196 vestest
805 1131 869 1193 -Li-

187 1210 235 1272 bri
244 1207 381 1270 arborum
390 1209 496 1279 teneri,
511 1209 584 1270 haud
595 1224 674 1274 secus
685 1231 770 1288 quarn
782 1210 865 1272 chat·

186 1305 226 1350 tac
242 1289 391 1350 literatum
403 1307 487 1349 notas
503 1291 631 1368 capiunt.
652 1289 730 1351 Aves
743 1290 778 1350 ad
794 1291 865 1352 irni-

187 1368 311 1430 tandum
322 1369 452 1429 humanae
461 1370 541 1430 vocis
555 1389 658 1428 sonum
670 1369 777 1430 dociles
793 1389 869 1434 sunt.

186 1448 340 1509 Animalia
361 1448 492 1509 inusitata
513 1449 613 1509 ceteris
632 1449 782 1528 gentibus,
812 1451 866 1510 nisi

187 1527 318 1588 invecta.
331 1526 438 1587 Eadem
454 1546 527 1588 terra
539 1546 569 1588 er
583 1526 779 1588 rhinocerotas
794 1528 864 1601 alit„

185 1627 250 1668 non
260 1625 389 1688 generat.
409 1605 634 1684 Elephantorum
644 1607 739 1685 major
748 1627 789 1668 est
798 1610 840 1670 vis
852 1651 863 1679 ,

184 1707 280 1766 quam
292 1706 364 1762 quos
381 1687 411 1746 in
425 1687 522 1747 Africa
537 1687 700 1757 domitant;
719 1705 747 1748 et
759 1688 864 1752 viribus

185 1765 360 1847 magnitudo
376 1766 536 1842 responden
549 1768 660 1827 Aumm
679 1764 797 1829 flumina
813 1789 871 1830 vo,

186 1845 290 1913 hunt,
316 1851 376 1921 qun?
394 1847 452 1904 leni
473 1846 644 1924 modicoque
664 1847 743 1923 lapsu
764 1868 862 1928 segnes

184 1915 862 2004 aquaeducuntrGemmasmargaritas'quemare

185 2005 333 2067 littoribus
350 2005 482 2066 infundit.
504 2004 606 2080 Neque
624 2003 679 2063 alia
694 2003 750 2064 illis
768 2006 863 2075 major

184 2083 343 2161 opulentiae
357 2100 439 2144 causa
454 2101 520 2143 est:
538 2085 635 2160 urique
650 2101 799 2161 postquam
816 2085 861 2144 vi·

183 2165 297 2226 tiorum
318 2164 524 2223 commercium
538 2165 690 2242 vulgavere
706 2164 735 2224 in
753 2167 863 2226 exteras

160 2314 163 2319 Δ
183 2260 288 2325 gentes
300 2263 309 2301 t
321 2241 423 2320 quippe
434 2242 801 2323 estimantutpurgamenta
813 2265 862 2304 aes·

181 2323 293 2384 truands
305 2322 366 2380 freti
380 2322 492 2397 pretio,
510 2324 586 2400 qnod
600 2321 688 2382 libido
701 2322 859 2384 constituit.

181 2401 305 2482 Ingenia
318 2399 469 2461 hominum
481 2401 552 2461 sicut
561 2402 665 2478 ubique
679 2439 689 2469 ‚
707 2401 780 2478 apud
793 2402 859 2462 illos

182 2481 321 2543 looorum
333 2501 447 2557 quoque
458 2481 525 2541 situs
534 2480 651 2540 format.
665 2479 795 2557 Corpora
808 2501 858 2542 us·

179 2580 241 2639 que
262 2559 347 2637 pedes
365 2562 482 2620 carbaso
502 2561 625 2620 velant:
643 2558 727 2620 soleis
746 2559 859 2634 pedesc

142 2677 146 2683 ·
181 2639 281 2717 capita
299 2639 394 2699 linteis
411 2639 550 2700 vinciunt.
565 2638 670 2716 Lapilli
690 2657 727 2699 ex
747 2639 860 2702 auribus

181 2719 332 2799 pendent;
354 2717 467 2778 brachia
478 2739 591 2796 quoque
608 2737 638 2778 et
648 2719 769 2796 lacertos
786 2741 858 2782 auto

181 2796 416 2874 colunt‚.quibus
424 2797 497 2858 inter
506 2799 656 2875 populares
667 2815 715 2858 aut
723 2799 858 2861 nobilitas

175 2877 461 2959 autopesemineut.
470 2876 617 2958 Capillum
625 2877 858 2958 pectuntsaepiun.
903 2911 905 2916 ,

641 2977 672 3042 0
694 2998 712 3040 0
731 2977 765 3060 iij
