2350 3967
341 508 397 579 306
520 491 562 571 Q.
604 492 845 557 CURTH

338 597 414 659 extin
455 593 519 655 itur.
538 614 604 653 xxx
621 594 689 655 hinc
706 596 790 657 stadia
811 614 1026 671 processerat}

337 698 403 736 cum
443 672 643 752 hrataphernes
660 676 686 734 ei
706 676 857 743 occurrit,
879 696 970 752 seque
991 696 1025 737 et

336 772 406 822 eos,
427 755 474 831 qui
490 772 554 831 post
568 753 650 813 Darii
666 773 789 813 mortem
803 754 1021 835 profugerant,

334 833 457 894 dedens:
470 836 569 911 quibus
586 834 710 924 benigne
727 834 854 911 exceptis
871 837 909 893 ad
927 836 1024 912 oppi-

334 913 403 972 dum
423 912 515 973 Arvas
534 930 674 989 pervenit.
699 911 757 972 Hic
778 914 805 972 ei
825 912 964 973 Craterus
988 932 1023 974 et

334 990 473 1072 Etygyius
483 1010 644 1052 occurrunt.
657 990 1022 1069 PrafectumTapurorum

333 1073 426 1149 gentis
443 1070 599 1131 Phradaten
616 1071 798 1132 adduxerant.
817 1070 875 1131 Hic
894 1090 1022 1149 quoque

334 1152 365 1209 in
382 1150 466 1210 fidem
486 1145 722 1227 receptuimultis
737 1152 874 1227 exemplo
888 1150 944 1209 fuit
956 1170 1019 1211 εκ·

333 1227 1021 1307 periendieIenrentiamregis.Sattapemdeinde

333 1308 485 1387 Hyrcania
510 1308 585 1368 dedit
606 1308 753 1383 Menapim
769 1330 780 1366 t
799 1309 867 1368 exul
886 1306 936 1367 hic
962 1328 1018 1367 re-

375 1406 439 1450 aute
461 1387 549 1450 Ocho
577 1387 612 1446 ad
636 1385 1018 1465 Philippumpervenerat.

364 1488 518 1546 apurorum
532 1485 646 1545 quoque
658 1484 774 1547 gentem
787 1463 920 1527 Phradati
938 1466 1012 1527 red-

333 1549 412 1609 didit.

374 1627 451 1688 Cir.
468 1622 509 1688 V.
528 1624 650 1702 Jamque
668 1644 718 1684 rex
735 1623 836 1684 ultima
854 1622 1019 1700 Hyrcaniae

333 1705 486 1766 intraverat
496 1724 511 1774 ,¹
529 1724 597 1764 cum
611 1706 768 1764 Artabazus
785 1707 799 1777 (
813 1723 900 1780 quem
914 1702 1016 1763 Dario

332 1784 498 1845 fidissimum
509 1783 592 1843 fuisse
603 1804 685 1861 supra
694 1781 817 1842 diximus
829 1783 843 1855 )
855 1802 924 1842 cum
935 1802 1013 1861 pro·

332 1863 443 1942 pinquis
455 1862 559 1933 Darii,
578 1882 612 1923 ac
630 1864 687 1923 suit
701 1862 815 1931 liberis,
833 1861 1013 1939 modicaque

279 1971 281 1977 ¹
332 1938 502 2005 Gtaecorum
521 1942 645 2001 militum
664 1961 751 2001 manu
769 1940 904 2002 occurrit.
922 1940 1011 2001 Dex-

287 2062 293 2075 ·
331 2040 406 2083 tram
417 2021 541 2087 venienti
554 2022 657 2081 obtulit
668 2018 1013 2099 rextquippeethospes
1102 2035 1103 2068 2

333 2101 456 2177 Philippi
469 2101 578 2167 fuerat,
595 2120 663 2161 cum
679 2097 768 2159 Ocho
780 2117 917 2183 regnante
933 2120 1011 2160 exu-

330 2181 422 2248 laret,
449 2197 477 2238 et
492 2178 608 2257 hospitii
625 2180 744 2259 pignora
760 2178 790 2237 in
805 2197 904 2260 regem
921 2200 1008 2239 suum

330 2258 364 2317 ad
375 2256 588 2319 ultimumtfidet
598 2276 763 2318 conservata
775 2257 919 2319 vincebat.
936 2258 1004 2318 Co·

329 2337 414 2397 miter
424 2336 512 2416 igitur
520 2356 673 2414 exceptus,
692 2334 735 2395 Tu
746 2335 874 2415 quidem,
891 2336 1008 2416 iuquit3

328 2432 521 2497 rexpttuetua
531 2414 676 2492 felicitate
684 2414 805 2495 floreus.
822 2412 886 2495 Ego
903 2417 1008 2477 ceteris

329 2493 433 2564 lutus,
456 2492 506 2555 hou
528 2515 581 2554 uno
602 2512 751 2573 torqueor,
775 2493 846 2572 quod
863 2494 1007 2577 praec'ipiti

328 2590 486 2643 senectute,
505 2571 552 2632 diu
556 2572 618 2649 frui
628 2590 676 2632 tua
684 2570 807 2633 bonitate
814 2593 869 2634 uon
878 2594 1007 2654 porrum.
1099 2629 1100 2650 ¹

326 2652 559 2733 Nonagesimum
575 2670 605 2712 et
619 2651 749 2730 quintum
764 2672 872 2713 anuum
889 2657 1006 2737 agebat.

327 2730 446 2792 Novem
458 2733 595 2807 juvenes,
609 2730 709 2791 eadem
719 2750 811 2793 matre
819 2732 933 2814 geniti,
949 2754 1006 2811 pa·
1098 2789 1099 2796 ,

326 2825 399 2870 trem
413 2811 643 2871 comitabantur:
657 2808 713 2888 bos¹
723 2812 881 2872 Artabazus
895 2812 1005 2873 dextra
1098 2809 1099 2820 ¹

323 2888 853 2971 regisadmorit,preemtwtiu
860 2889 1006 2965 runem,
