2350 3967
354 467 417 541 '430
535 452 866 536 metrum

354 559 455 626 Duces
469 556 641 620 exercituum
655 575 759 620 tuarum
772 556 803 617 in
814 554 958 636 equuleum
974 554 1030 618 im·

352 639 459 723 positi,
481 635 579 729 Persis
588 658 656 718 quos
667 636 816 708 uicerant,
825 635 911 712 fuere
920 655 1031 716 speeta-

355 717 428 782 culn.
436 714 585 780 Parmenib
596 717 704 778 indicta
712 737 797 778 eausa
805 714 968 790 trucidatus
978 733 1029 786 est,

352 818 406 881 per
419 817 498 876 quem
511 796 637 859 Attalum
648 794 800 860 occideras.
815 793 944 858 Invicem
960 795 1031 856 enim

355 876 521 940 miserorum
546 876 633 938 uteris
660 875 787 937 manibus
804 873 849 936 'ad
874 874 1030 956 expetenda

355 955 495 1036 supplicia
508 983 518 1016 .·
531 974 559 1018 et
570 976 637 1036 quos
646 955 728 1035 pnuln
738 975 802 1016 unte
814 953 966 1016 ministras
979 975 1032 1016 ce·

355 1033 553 1104 dislabuistiss
568 1034 660 1096 subito
671 1033 705 1094 ab
715 1034 782 1096 aliis
786 1033 869 1112 jubes
881 1032 1031 1096 trucidari.

356 1113 1032 1193 ObstrepuntsubindecunctiHermolao.Pates

357 1216 523 1273 supremum
547 1196 696 1256 strinxerat
722 1193 829 1255 ferrum
854 1213 1033 1271 percussum

313 1276 318 1282 '
359 1273 1032 1356 hauddubie,niinhibitusessetarege:quippe

358 1353 552 1416 Hermolaum
562 1353 655 1415 dicere
666 1353 761 1432 jussit3
775 1353 915 1431 petiitque
927 1371 958 1412 ut
969 1372 1034 1412 cau·

346 1443 411 1496 'sas
427 1432 557 1514 supplicii
575 1448 721 1512 augentem
733 1431 876 1512 patienter
893 1431 1034 1494 audirent.

359 1512 448 1594 AEgse
462 1534 533 1594 ergo
551 1512 705 1582 coe'tcitis,
725 1531 816 1573 rursus
833 1511 1031 1573 Hermolaus:

359 1612 442 1672 quam
451 1590 623 1663 liberaliter,
636 1592 746 1671 inquit,
760 1591 855 1672 puetis
869 1589 986 1651 rudibus
1000 1588 1033 1650 ud

357 1671 507 1734 dicendum
524 1690 601 1750 agre
617 1667 756 1752 permittis
771 1678 785 1732 Ι
799 1688 830 1731 at
848 1668 1034 1732 Callisthenis

359 1771 416 1814 uox
428 1769 539 1810 carcere
551 1748 663 1810 inclusa
679 1767 744 1819 est,
768 1749 833 1830 quia
850 1742 931 1812 solus
944 1765 1035 1831 potest

360 1827 464 1893 dicere.
475 1826 534 1889 Cur
542 1829 616 1888 enim
624 1849 679 1890 non
688 1828 866 1909 produntur,v
880 1849 944 1890 cum
954 1828 1035 1889 etiam

361 1907 485 1984 confessi
508 1906 683 1971 audiuntur?
705 1929 802 1989 nempe
824 1909 892 1987 quia
921 1907 1036 1970 liberam

361 2009 457 2053 vocem
465 1987 624 2048 innocentis
636 1985 733 2050 audire
745 1987 865 2057 metuis,
878 2009 914 2048 ac
928 2009 965 2048 ne
976 1985 1037 2049 vul-

361 2084 421 2130 tum
430 2066 538 2146 quidem
552 2067 672 2146 pateris.
682 2067 767 2147 Atqui
778 2065 851 2127 nihil
862 2087 926 2128 eum
929 2065 1037 2142 fecisse

361 2144 510 2209 contendo.
526 2142 600 2206 Sunt
617 2145 686 2218 nic,
709 2147 754 2225 qui
775 2167 880 2207 mesum
898 2167 960 2208 rem
973 2145 1035 2228 pul·-

360 2223 529 2286 cliersimam
550 2225 742 2306 cogitauerunt
757 2253 767 2289 .·
785 2246 864 2286 nemo
886 2244 932 2287 est
953 2267 964 2294 ,
994 2223 1037 2306 qui

360 2304 505 2366 conscium
516 2302 614 2380 fuisse
635 2303 715 2366 nolis
724 2301 919 2367 Callisthenen
942 2305 1036 2377 dient,·

362 2404 426 2446 sutn
442 2383 524 2444 morti
540 2381 607 2444 alim
624 2383 782 2446 destinatus
798 2383 839 2445 sit
851 2407 870 2446 a
879 2384 1036 2466 justissima

363 2482 394 2528 et
402 2463 608 2543 patientissimo
624 2485 700 2544 sege.
716 2463 787 2525 Hoee
803 2485 869 2544 ergo
884 2482 955 2526 sunt
968 2461 1035 2526 Mn-

363 2543 497 2606 cedonum
542 2542 647 2612 emin,
665 2562 775 2624 quarum
789 2561 846 2604 uts
884 2565 1002 2608 eruucun
1013 2559 1039 2603 et

364 2622 505 2686 sordidae
522 2565 891 2703 uterissanguinefflttiii
903 2645 969 2686 xxx
980 2621 1039 2684 mil·
1089 2621 1090 2686 J

365 2701 408 2767 lin
419 2701 553 2764 mularum
565 2701 703 2784 captiuum
719 2723 814 2763 aurum
831 2702 962 2774 veliunt,
984 2723 1037 2764 cun
1089 2705 1090 2720 ³

363 2780 471 2869 milites
485 2778 557 2842 nilu'l
571 2779 680 2844 domum
711 2801 791 2842 retes
802 2783 949 2862 gratuitas
964 2783 1036 2844 eica-
1089 2791 1090 2794 ’

362 2874 452 2925 trices
463 2859 584 2938 relaturi
591 2861 661 2928 sint.
677 2801 750 2945 &aa
760 2881 854 2926 tamen
867 2863 966 2944 alania
975 2860 1039 2930 nte«.
