2350 3967
327 551 377 588 noo
427 525 454 581 5:
489 511 678 576 nullutn.
711 497 904 561 supulnnl.

326 614 522 675 Macedonibus,
538 604 580 674 qui
596 602 633 654 ibi
653 597 787 653 curabant,
803 590 893 658 quique
907 602 923 636 a
938 582 1003 651 rege

325 688 394 742 missi
411 677 522 736 subsidio
537 682 674 727 venerant,
693 681 749 716 turn
767 675 856 726 magna
868 655 940 706 clade
959 668 1003 701 re-

325 755 391 824 pulsi
409 765 466 804 sunt
488 765 496 798 r
515 759 542 796 et
557 743 716 792 Memnonen
735 729 882 790 Ptolemaeus
899 718 1002 784 exeepic

325 820 437 887 Philippi
444 815 525 871 filius,
538 807 601 876 regii
612 799 724 870 corporis
732 811 833 855 cuntot,
846 804 1003 858 praeterpro-

323 891 404 958 priam
423 899 521 938 manurn
543 874 633 930 Addei
655 864 831 930 Timandrique
853 855 1003 910 cohortibus

324 958 441 1024 stipatus.
456 955 537 1016 anue
550 958 621 1024 parte
636 936 737 1007 egregie
751 933 866 986 vicerunt
881 925 1005 976 Macedo.

325 1043 369 1078 ne
386 1063 394 1085 ,
419 1031 554 1088 quanquam
574 1009 734 1062 Ptolemaeutu
754 999 925 1060 nudatumque
941 1027 956 1068 ,ι
975 1004 1005 1041 ec

325 1090 512 1160 sagittariorum
523 1083 610 1132 ducem
623 1073 769 1128 Clearcbum
779 1085 834 1119 tuin
841 1063 1006 1130 quadraginta

324 1166 402 1213 ferme
416 1147 607 1219 manipularibus
622 1141 759 1194 amisissent
772 1153 781 1195 ς
805 1149 832 1186 et
844 1133 928 1183 hostes
944 1143 1006 1180 cum

327 1243 397 1280 tanta
405 1218 573 1288 trepidatione
581 1222 748 1269 recesserunt,
764 1210 1009 1268 utauguetumpotn·

326 1311 396 1354 tem,
411 1307 482 1360 quem
493 1287 524 1338 ad
532 1288 623 1336 fossam
631 1276 790 1344 superandam
798 1277 1005 1333 construxerant,

328 1361 466 1418 multitudo
480 1349 648 1408 festinantium
664 1341 774 1410 ruperit,
792 1330 1009 1402 iisquitupersti÷

225 1475 227 1479 -
303 1445 413 1492 :serane
429 1427 455 1478 in
471 1438 577 1489 precept
587 1413 721 1469 devolutis.
736 1413 771 1460 Ex
786 1405 875 1473 quibus
888 1396 1007 1452 nonnulli

329 1519 345 1554 a
354 1498 402 1550 suit
415 1489 553 1552 conculcati
562 1484 726 1538 interieruut3
744 1475 806 1528 alios
817 1470 966 1522 Macedones
974 1482 1007 1516 ex

330 1563 460 1636 asperiore
470 1561 529 1611 loco
545 1553 604 1606 telis
618 1549 750 1602 confixere.
766 1540 843 1593 Multi
858 1536 944 1604 quibus
957 1533 1010 1584 ista

248 1642 256 1648 ”
332 1631 460 1686 calamitas
471 1636 628 1694 pepercerat,
642 1617 687 1668 sub
699 1613 751 1678 ipsa
760 1608 829 1662 urbis
835 1620 908 1673 porta
918 1618 1008 1654 necem

325 1690 596 1758 invenertuitzquippe
611 1682 735 1738 exterritis
751 1676 865 1730 omuibus
872 1712 882 1737 ,
895 1685 1010 1723 metuen-

331 1769 446 1832 tibusque
464 1779 494 1814 ne
509 1760 556 1810 nul
572 1754 722 1806 Macedones
734 1748 913 1808 irrumperent,
931 1752 1010 1803 porta

333 1847 488 1902 praepropere
495 1827 618 1882 occlusa,
634 1822 747 1885 niagna'in
761 1812 942 1879 oppidanorum
950 1821 1014 1870 par·

331 1919 385 1956 tem
394 1902 424 1952 ad
434 1897 536 1950 exitium
545 1890 612 1943 hosti
618 1886 732 1940 tradidit.
746 1888 814 1936 luter
821 1881 870 1931 hare
880 1873 1012 1940 Ephialtes

333 1987 386 2024 non
400 1984 444 2036 spe
457 1963 536 2033 inagis
551 1977 623 2040 quarn
638 1950 809 2021 desperatione
823 1940 1010 2000 formidabilis,

328 2057 393 2092 cum
403 2035 478 2103 regiis
486 2037 605 2084 ferociter
619 2021 768 2076 dimicabat:
781 2032 809 2068 et
823 2012 956 2078 ancipitem
972 2013 1014 2062 fe·

275 2171 279 2180 .
334 2109 412 2160 cirtet
428 2099 582 2155 victoriana,
608 2094 634 2144 ui
649 2087 816 2142 laborantibus
832 2082 884 2134 suic'
898 2077 1013 2131 seniores

335 2168 501 2226 Macedo'nurn
520 2177 616 2215 mature
638 2155 822 2210 succurrissent.
840 2151 861 2202 li
879 2149 906 2200 in
922 2145 1013 2198 castris
1040 2185 1054 2191 -

333 2239 487 2308 iubebantur
509 2232 630 2284 immunes
648 2242 751 2292 operum
771 2219 1013 2288 periculorumque,

334 2308 385 2361 nisi
398 2304 440 2358 ubi
450 2299 582 2356 necessitas
596 2295 724 2364 exigeret3
740 2284 936 2354 cumtripendiia
950 2299 1014 2348 praa-

335 2375 444 2440 sniisque
467 2365 630 2422 nihilominus
652 2366 843 2429 perfruerentur.
868 2356 1014 2405 Merueranc

336 2461 394 2498 euni
404 2443 522 2496 honorent
536 2429 742 2490 sortibuafactia,
758 2442 785 2478 et
793 2426 836 2476 tub
844 2418 1015 2488 superioribus

337 2511 439 2579 regibus
466 2507 569 2572 ipsoque
591 2499 738 2557 Alexandro
763 2491 861 2546 bellicis
884 2485 1015 2541 laboribus
1046 2493 1055 2508 ·

335 2594 411 2632 atate
422 2588 521 2628 exacta.
538 2571 559 2624 ti
573 2585 630 2622 cuns
643 2561 834 2630 suos.peritulis
848 2557 951 2611 territos
968 2557 1015 2606 do-

339 2661 447 2702 trectate
462 2655 586 2708 pugnaui,
603 2652 630 2688 ot
644 2630 756 2697 receptui
768 2630 854 2680 locutu
868 2621 1016 2688 circumspi-

342 2709 593 2776 cereintelligetent,
607 2702 712 2753 Atharia
720 2698 827 2764 quodam
835 2696 913 2751 duce,
928 2692 955 2742 in
964 2689 1017 2758 pri·

333 2799 408 2839 -rnann
425 2777 503 2829 aciem
518 2771 671 2840 provolant3
690 2781 844 2832 accensoque
859 2763 928 2830 quod
943 2760 1018 2810 elan»

343 2863 431 2919 guerat
442 2843 548 2911 absalio,
561 2838 670 2904 juniores
681 2833 804 2887 conviciis
818 2847 845 2883 et
857 2831 953 2896 pudore
967 2827 1018 2879 fla-

335 2894 1018 2994 girilad'resutneudosauituoscompellunnltaaianul
