2350 3967
358 523 413 564 aaa
465 501 498 556 r.·
527 469 718 554 nnnrrrsrr.
748 489 946 547 sunnam.

363 598 393 647 ab
409 589 552 645 Alexandro
568 585 658 639 velites
676 579 868 649 opportunitate
882 578 939 632 loci
960 577 1045 642 adiuti

361 661 503 726 repulerant
517 675 524 710 t
540 656 584 708 sed
600 651 706 719 Agriani
719 648 886 707 resistebant,
903 645 960 715 quis
978 663 1044 711 pro,

362 730 454 797 pinqu'a
471 728 518 790 jam
528 723 692 774 Macedonum
702 718 824 783 phalanx,
844 731 872 766 et
885 731 944 767 ante
959 715 1043 778 prima

361 798 433 864 signa
447 811 489 846 rex
498 805 652 856 conspectus
666 785 790 839 audaciam
805 781 946 835 addiderat.
961 783 1044 836 Maxi·

362 881 417 917 mus
425 860 502 915 militi
510 861 582 910 labor
590 858 638 913 fuit
646 855 770 922 perardua
779 851 1041 917 connititpoatquam

317 985 322 994 ,
358 931 512 1001 'aequioribus
521 928 594 992 paulo
609 923 674 975 loeis
688 920 821 973 consistere
830 922 916 971 datum
929 935 986 978 est..
1005 935 1043 970 se·

360 1015 481 1053 anermum
489 1009 662 1046 montanorum
670 991 760 1056 vulgus
766 989 831 1039 haud
838 1005 902 1055 egre
909 987 1042 1049 disjectae.

289 1123 294 1131 ,
358 1074 399 1120 Ἐκ
410 1067 574 1118 Macedonum
584 1059 687 1113 ducibus
696 1057 820 1110 Cleander
829 1055 984 1107 desideratus
992 1071 1041 1116 est,

363 1153 420 1188 cum
443 1131 535 1204 viginti
552 1135 632 1181 ferme
655 1125 800 1185 militibus3
824 1124 987 1181 barbarorum
1008 1125 1042 1177 ad

356 1204 512 1272 ¹quingentos
529 1196 641 1250 cecidere
657 1213 665 1248 t
679 1209 776 1246 ceteros
791 1191 906 1257 expedita
921 1195 1001 1258 tuga,
1015 1206 1043 1246 et

363 1275 479 1324 locorum
488 1267 579 1319 notitia
590 1263 710 1330 protexit.
719 1259 879 1329 Fugientibus
887 1274 973 1311 tanuen
987 1259 1042 1311 ius.

309 1340 310 1350 ’
362 1340 417 1394 titit
432 1355 474 1390 rex
491 1333 652 1388 contentione
666 1344 756 1398 quanta
774 1342 875 1395 poterat
893 1344 946 1379 tam
962 1344 1042 1396 grave
1086 1330 1089 1334 ’

364 1423 454 1476 agmen
465 1407 618 1468 :eodemque
631 1402 725 1464 impetu
735 1398 793 1448 urbs
807 1413 893 1448 eorum
903 1411 977 1461 capta
990 1412 1042 1453 est.

365 1479 414 1528 Per
431 1489 512 1526 cetera
530 1471 619 1522 deinde
634 1466 731 1518 Pisidie
745 1464 840 1516 munita
854 1464 912 1514 loca
929 1465 1042 1515 eircum-

361 1543 425 1596 tulit
433 1543 526 1592 bellum
538 1561 546 1589 :
558 1551 662 1604 quorum
674 1535 793 1584 nonnulla
806 1533 941 1599 pugnando
952 1532 1042 1597 cepit3

364 1612 413 1662 alia
423 1606 609 1660 conditionibus
618 1603 644 1652 in
659 1601 732 1654 fidem
741 1615 872 1653 venerunt.
889 1600 1039 1656 Telmissum

363 1689 542 1744 expugnatam,
559 1675 593 1723 ob
601 1668 763 1736 pertinaciam
772 1667 882 1729 ciuium,
893 1670 951 1719 solo
961 1685 1041 1734 εφη-

358 1745 422 1805 vvita
442 1744 537 1808 populo
555 1741 696 1791 libertatem
713 1736 822 1797 ademita
847 1751 873 1786 et
888 1737 965 1801 paulo
980 1751 1042 1801 post

363 1831 420 1864 cum
436 1811 492 1862 aliis
506 1808 650 1874 quibusdam
665 1803 762 1855 Pisidia
775 1802 940 1862 civitatibus,
959 1806 1041 1855 Celat-

363 1897 448 1932 narum
471 1881 619 1944 praefectura
641 1872 789 1924 contribuit.
809 1871 906 1922 Pacatis
928 1872 993 1922 hunc
1012 1872 1040 1923 iu

360 1950 467 2002 niodum
480 1942 620 2010 asperrimis
629 1940 788 2000 nationibus,
804 1937 831 1988 in
838 1939 973 2006 Phrygiam
981 1934 1041 2005 pro-

362 2015 456 2074 tersit,
477 2032 525 2080 qua
542 2010 660 2064 Assanius
674 2010 742 2059 lacus
756 2022 809 2064 est,
830 2007 899 2066 cujus
916 2025 978 2073 aqua
994 2026 1039 2060 sua

363 2099 454 2150 sponte
471 2087 647 2135 concrescens,
664 2073 809 2126 necessitate
829 2073 887 2124 talis
905 2091 919 2126 e
935 2076 1041 2143 longin-

359 2169 414 2216 quo
430 2147 531 2214 petendi
546 2145 626 2197 solvit
644 2143 751 2195 accolas.
767 2144 834 2193 Dunr
850 2159 879 2192 ea
891 2159 1039 2209 geruntur,

365 2221 485 2269 Memnon
500 2231 596 2265 suarum
612 2210 718 2278 partitam
734 2209 845 2275 reliquiis
860 2209 969 2277 undique
985 2211 1040 2262 col.

359 2283 439 2336 'lectis
453 2321 461 2344 ,
481 2299 510 2334 ut
523 2282 678 2332 inherentem
691 2278 758 2330 Asia
771 2279 940 2330 Alexandrum
955 2294 1041 2330 extor-

363 2366 466 2419 queret,
488 2351 520 2400 ad
534 2350 628 2402 bellum
644 2343 743 2399 Gretiae
760 2345 961 2412 Macedoniaeque
974 2346 1041 2399 infe·

359 2421 468 2473 ¹rendum
491 2417 658 2486 cogitationes
678 2412 813 2465 convertit.
831 2413 932 2480 Quippe
947 2415 1040 2465 Darius

365 2488 393 2540 in
401 2489 449 2540 hoc
458 2501 507 2538 uno
520 2503 588 2551 spem
599 2497 733 2550 reponens,
749 2480 789 2546 qui
799 2479 906 2531 victoris
917 2482 1039 2546 impetum

358 2573 409 2608 'sua
424 2554 516 2609 virtute
531 2570 620 2620 suaque
636 2547 766 2618 prudentia
782 2547 974 2600 diutissimead
988 2553 1040 2602 Ha.-

360 2625 524 2678 licarnassum
540 2635 651 2672 moratus
667 2631 731 2668 esset
742 2636 756 2674 ,·
769 2631 867 2666 tummae
881 2632 962 2668 tetum
978 2633 1040 2684 pre.

361 2697 461 2744 ¹fecerat
475 2708 549 2748 eum,
564 2699 723 2754 magnamque
736 2681 844 2746 pecunie
857 2683 912 2735 uim
924 2685 1040 2737 manami-

359 2765 442 2812 serat.
458 2761 544 2824 ltaque
558 2751 763 2808 mercenariorum
777 2766 850 2802 manu
864 2767 953 2816 quanta
968 2769 1042 2818 pote-

361 2843 408 2879 ·sat
429 2827 570 2885 conducta,
588 2839 644 2874 cunr
661 2833 824 2871 trecentarum
841 2819 945 2888 navium
963 2823 1040 2876 eluse

360 2895 449 2956 dibero
463 2894 525 2948 mari
539 2892 691 2963 vagabatur
706 2901 733 2942 et
748 2903 799 2957 que
817 2886 894 2942 tantis
908 2889 1041 2946 conantia
