2350 3967
332 455 528 520 LIBER
569 457 689 525 VIII.
786 470 843 536 401'

161 554 271 640 Quem
291 557 458 620 Alexander
479 581 547 620 cum
567 577 637 622 roto
653 557 780 624 exercitu
800 562 848 622 in-

159 661 279 724 gressus
301 638 406 718 agitari
425 637 636 716 undiquesecus
654 641 746 720 jussit.
769 642 847 703 Inter

154 743 236 799 ‘quas
251 720 380 780 cumleo
396 719 598 797 magnitudinis
613 741 679 780 rara
695 722 787 798 ipsum
797 742 845 782 re·

161 821 235 883 gem
256 801 404 860 invasurus
426 799 602 871 incurreret;
623 800 696 860 forte
714 799 846 877 Lysima-

155 881 258 948 -cbus,
273 878 324 957 qui
339 896 436 955 postea
453 879 602 957 regnavit,
620 879 846 956 proximumi-

162 960 299 1026 xandro,
313 957 488 1018 venabulum
500 958 625 1033 objicere
635 959 699 1020 ferar
710 975 845 1037 coeperat.

165 1038 243 1117 Quo
254 1058 305 1100 rex
315 1037 452 1114 repuleo,
468 1056 496 1096 et
509 1036 587 1097 abire
601 1038 677 1116 jusso
690 1077 700 1108 ,
718 1041 844 1119 adjecit,

164 1136 225 1179 ram
236 1134 352 1177 cremer
371 1136 423 1174 uno
439 1135 518 1192 quam
528 1138 547 1177 a
562 1115 726 1196 Lysimacho
739 1117 845 1178 leonem

163 1194 295 1275 interfici
305 1215 398 1276 posse.
413 1193 597 1272 Lysimachus
609 1197 688 1256 enirn
699 1198 845 1274 quondam

131 1348 134 1351 ,
163 1299 237 1340 cum
252 1292 404 1338 venaretur
417 1275 447 1333 in
456 1275 556 1351 Syria,
575 1276 718 1338 occiderat
732 1275 844 1337 eximiae

163 1355 370 1439 magnitudinis
379 1355 468 1414 feram
477 1355 629 1416 salust-sed
638 1357 712 1418 laevo
721 1354 844 1416 humero

163 1435 303 1515 usquead
314 1429 377 1495 oisa
389 1435 526 1495 laceratus
534 1437 568 1494 ad
578 1435 713 1496 ultimum
725 1435 844 1513 periculi

163 1534 350 1596 pervenerat.
372 1514 404 1574 ld
423 1515 516 1592 ipsum
532 1519 703 1592 exprobrans
722 1517 748 1577 ci
770 1534 844 1586 rex,

94 1610 98 1614 ’
161 1597 365 1672 fortiusquam
376 1594 487 1654 locutus
497 1614 556 1664 est,
572 1596 652 1656 fecit.
664 1594 743 1656 Nam
753 1594 845 1658 feram

158 1697 229 1738 aron
243 1675 356 1752 excepit
368 1674 480 1745 m0d03
500 1675 547 1734 sed
557 1677 644 1737 etiam
654 1695 713 1737 uno
726 1677 843 1738 vulnere

165 1755 287 1817 occidit.
310 1753 476 1823 Fabulam,
499 1753 712 1834 quae'objecrum
730 1753 802 1815 leoni
826 1773 844 1814 a

161 1850 235 1916 rege
251 1829 447 1912 Lysimachum
461 1851 568 1894 temere
586 1835 735 1915 vulgavit,
756 1838 790 1895 ab
806 1855 844 1894 eo
903 1905 905 1910 Ι
955 1915 959 1922 μ

160 1937 255 1984 meu,
267 1933 354 1993 quem
366 1928 448 1990 supra
457 1912 596 1982 diximus,
611 1933 704 1974 ortam
715 1933 774 1976 esse
784 1932 848 1974 cte-

165 1994 301 2057 diderim.
330 1992 467 2054 Ceterum
487 1992 661 2055 Macedones
661 2015 845 2140 ATanquam

162 2092 309 2156 prospero
320 2088 426 2136 eventu
435 2072 581 2136 defunctus
591 2089 651 2135 erat
702 2075 846 2148 exander;

165 2174 267 2219 tamen
280 2152 388 2216 scivere
404 2154 496 2233 gentis
513 2175 568 2216 sua
587 2175 690 2228 more,
709 2177 746 2218 ne
760 2155 846 2235 pedes

160 2251 348 2302 venaretur,
373 2252 422 2293 aut
449 2234 510 2297 sine
539 2236 655 2298 delectis
685 2237 846 2315 principum

164 2316 401 2390 amicorumque.
416 2311 516 2375 llle1v
525 2315 651 2378 millibus
661 2316 783 2377 ferarum
793 2316 846 2375 de-

167 2395 274 2476 jectis,
294 2392 327 2452 in
340 2392 444 2452 eodem
459 2394 533 2456 saltu
553 2415 621 2456 curn
633 2412 698 2456 toto
719 2394 848 2456 exercitu
876 2406 879 2412 '
901 2449 904 2456 ,

164 2475 301 2553 epulatus
315 2487 368 2532 est.
380 2472 450 2534 Inde
462 2474 633 2535 Maracanda
651 2474 773 2536 reditum
785 2491 847 2550 este

160 2571 344 2632 acceptaque
354 2553 630 2616 atatisexcusatior're
638 2558 673 2616 ab
680 2549 847 2630 Artabazo}

162 2633 353 2714 provinciam
367 2631 429 2709 ejus
447 2632 568 2696 destinat
579 2633 672 2694 Clito.
689 2633 748 2694 Hic
765 2649 848 2704 erat,

162 2713 219 2792 qui
241 2711 319 2789 apud
335 2708 498 2774 Granicum
516 2733 634 2775 amnem
653 2715 733 2774 nudo
756 2715 848 2793 capite

219 2813 269 2854 em
292 2790 479 2860 dimicantem
500 2792 605 2871 clypea
627 2815 679 2862 suo
691 2795 800 2867 „texir3
821 2807 854 2862 ec

165 2893 170 2910 ¹
184 2946 189 2951 ‚
216 2870 322 2946 oesacis
329 2889 452 2940 manum
463 2873 550 2956 capiti
564 2872 638 2958 regis
647 2873 856 2944 imminentem⁴
