2350 3967
337 474 534 541 'trualt
571 476 697 544 Vlll.
793 480 857 552 edu

168 570 207 638 in
226 585 358 648 tertam,
380 580 416 639 ab
438 578 505 657 ipsis
526 580 734 643 obterebantur.
752 578 856 657 ltaque

170 677 320 736 pecorum
331 659 420 719 modo
431 660 522 739 magis
531 660 642 737 pavidi,
652 673 737 739 quam
744 658 856 729 infesti,

170 737 255 797 ultra
272 738 367 797 aciem
381 738 587 818 exigebantur3
606 760 672 800 cum
690 738 778 799 Porus
793 739 856 799 des·

171 815 281 875 titutus
291 838 308 875 a
320 817 463 893 pluribus,
483 820 541 878 tela
559 819 652 878 multo
667 837 732 879 ante
746 838 856 895 prepa-

171 913 241 955 rata
251 894 281 953 in
294 895 478 956 circumfusos
491 919 528 958 ex
540 896 693 975 elephanto
705 919 756 959 suo
768 897 856 973 coepit

171 974 339 1056 ingerere,
363 976 516 1054 multisque
535 976 646 1039 eminus
668 976 852 1043 vulneratis,
900 982 902 986 '

120 1126 125 1131 .
173 1053 325 1132 expositus
338 1055 397 1131 ipse
414 1056 448 1115 ad
463 1058 535 1117 ictus
550 1058 672 1135 undique
693 1058 853 1135 petebatur.
909 1070 913 1077 '

172 1132 300 1193 Novem
325 1134 383 1210 jam
406 1136 523 1196 vulnera
547 1135 614 1196 binc
639 1155 748 1216 tergo,
771 1135 856 1195 illine
913 1182 916 1189 .

171 1229 298 1290 pectore
308 1216 632 1291 exceperat‚multoque
640 1214 776 1295 sanguine
786 1234 854 1289 pro·

171 1292 243 1353 fuso
252 1292 391 1372 languidis
399 1294 528 1354 munibus
536 1296 627 1375 magis
638 1294 750 1371 elapsa,
765 1314 853 1370 quam

174 1390 296 1431 excussa
312 1374 368 1431 tela
387 1373 526 1434 mittebat.
548 1374 611 1433 Nec
630 1375 741 1453 segnius
757 1372 853 1433 bellua

173 1449 310 1511 instincta
318 1452 414 1521 rabie,
428 1454 555 1512 nondum
563 1452 657 1513 saucia
665 1449 853 1513 invehebatur

174 1530 340 1601 ordinibus3
349 1531 440 1592 donec
448 1550 542 1592 rector
551 1532 651 1593 belluae
659 1549 756 1612 regem
767 1550 853 1591 cons·

171 1610 258 1688 pexit
272 1609 421 1671 fluentibus
433 1611 567 1672 membris
582 1611 747 1689 omissisque
765 1608 852 1673 armis

133 1720 137 1725 -
172 1689 228 1750 vix
251 1708 418 1767 compotem
439 1691 552 1753 mentis.
576 1692 654 1753 Tum
676 1692 801 1751 belluam
820 1690 851 1749 in
931 1692 945 1715 “

171 1768 275 1849 fugam
294 1770 420 1830 concitat
440 1789 572 1848 sequente
590 1770 757 1831 Alexandro
775 1768 851 1829 used

173 1868 268 1926 equus
282 1848 342 1926 ejus
356 1849 453 1910 multis
467 1851 630 1911 vulneribus
641 1850 787 1911 confossus
799 1850 852 1911 de,
913 1866 917 1875 '

170 1926 332 2005 ficiensque
347 1929 517 2006 procubuit,
542 1930 635 2007 posito
653 1930 743 2009 magis
758 1948 850 2007 rege,

169 2028 265 2085 quam
282 2005 382 2070 effuso.
407 2009 506 2085 ltaque
523 2008 590 2068 dum
608 2028 713 2085 equum
731 2024 851 2075 mutat,

145 2160 148 2164 ἴ
172 2086 281 2150 tardius
296 2086 437 2148 insecutus
451 2106 502 2149 est.
516 2088 632 2147 Interim
645 2088 729 2148 fmter
740 2086 853 2148 Taxilis

171 2167 251 2245 regis
270 2166 406 2225 Indorum
425 2167 579 2243 praemissus
599 2169 634 2227 ab
659 2165 853 2237 Alexandro,

171 2265 296 2307 monere
313 2246 398 2323 coepit
413 2246 542 2315 Porum,
561 2268 596 2306 ne
610 2244 706 2305 ultimo
727 2242 850 2323 experiri

166 2344 362 2407 perseveraret
374 2365 384 2393 ,
405 2324 566 2404 dederetque
577 2346 609 2385 se
620 2323 730 2387 victori.
747 2326 788 2385 At
800 2324 852 2384 ille

171 2424 337 2484 quanquam
350 2404 490 2465 exhauste
499 2424 579 2465 erant
589 2404 676 2469 vires,
688 2401 851 2463 deficiebat·

170 2504 230 2563 que
246 2485 381 2566 sanguis3
399 2503 497 2544 tamen
510 2484 545 2543 ad
560 2502 661 2545 notam
674 2501 777 2541 vocem
792 2500 849 2539 ex-

173 2563 302 2624 citatus:
317 2582 456 2643 agnosco,
474 2564 586 2640 inquit,
606 2560 719 2622 Taxilis
726 2556 851 2635 fratrem

167 2640 285 2722 ‘inlperii
300 2641 431 2721 regnique
446 2642 490 2701 sui
497 2641 663 2721 proditorem
674 2666 683 2699 .·
695 2656 724 2701 et
738 2640 829 2699 telum
836 2680 854 2713 Α

171 2722 251 2799 quod
261 2742 352 2783 unum
366 2722 440 2782 forte
457 2743 515 2781 non
527 2720 697 2789 effluxerat,
712 2718 850 2781 contorsit
932 2762 938 2775 .

169 2801 200 2864 in
212 2821 301 2870 eum,
320 2802 397 2878 quod
407 2822 457 2879 pet
468 2802 594 2863 medium
605 2818 702 2879 pectus
713 2815 850 2875 penetra-

166 2880 212 2953 rit
228 2881 266 2958 ad
281 2897 407 2966 tergum.
427 2879 496 2945 Hoc
512 2880 619 2946 ultimo
635 2879 744 2939 virturis
760 2893 850 2959 opero

536 3088 540 3095 μ
629 2974 749 3063 Quiii
