2350 3967
341 457 534 523 brnen
572 462 697 528 virt.
793 478 857 539 44,

171 560 298 631 victor,
323 579 420 622 tamen
438 582 548 643 magnae
569 564 695 625 rictoriae
712 564 855 629 sacrificiis

173 662 207 706 et
216 643 299 704 cuitu
310 639 376 701 Diis
386 641 528 703 satisfecit.
542 644 606 703 Arae
618 644 646 703 in
658 660 736 719 petra
753 646 856 707 locatae

171 741 242 785 sunt
253 722 392 782 Minervas
404 720 611 798 Victotiaeque.
624 723 750 783 Ducibus
765 726 853 787 itine-

173 803 239 871 ris,
259 821 334 878 quos
345 801 436 859 subire
453 801 569 876 jusserat
579 801 682 861 leviter
698 823 823 865 armatos
841 843 853 874 ,

171 882 229 943 etsi
239 880 386 959 promissis
399 880 509 939 minora
520 881 719 957 prestiterant,
731 886 851 959 pretium

128 976 133 983 ’
173 982 247 1023 cum
264 960 321 1019 fide
339 959 478 1019 redditum
494 978 547 1019 est.
566 959 654 1021 Petrae
671 962 851 1043 regionisque

170 1042 203 1105 ei
215 1038 356 1114 adjunctae
365 1038 511 1098 Sisocosto
521 1040 608 1099 tutela
622 1044 767 1117 permissa.

213 1118 297 1180 Cer.
309 1117 339 1177 X
348 1119 359 1176 i
368 1119 392 1177 i.
405 1119 473 1177 lude
486 1119 621 1195 processit
634 1119 783 1181 Ecbolima
798 1144 806 1179 t
821 1138 853 1183 et

170 1220 244 1260 cum
257 1196 405 1279 anguttias
416 1196 526 1256 itineris
541 1196 663 1257 obsideri
676 1218 717 1259 xx
728 1197 850 1258 millibus

171 1296 343 1340 armatorum
359 1273 392 1333 nd
405 1272 498 1354 Eryce
515 1275 631 1352 quodam
645 1281 850 1354 comperissem

172 1358 293 1440 gravius
303 1374 408 1437 agmen
423 1356 562 1417 exercitus
580 1355 676 1416 Coeno
692 1358 851 1417 ducendum

172 1437 300 1498 modicis
314 1434 459 1495 itineribus
477 1436 598 1494 tradidit.
614 1437 623 1494 1
627 1454 674 1513 pse
687 1455 851 1519 praegressus

172 1538 246 1579 cum
264 1514 407 1575 funditore
427 1535 462 1573 ac
483 1515 649 1595 sagittario,
674 1516 849 1583 deturbatis,

171 1596 226 1674 qtti
240 1594 408 1655 obsederant
419 1595 542 1662 saltum,
564 1596 742 1672 sequentibus
754 1616 782 1656 se
794 1616 849 1655 co·

171 1676 231 1757 piis
249 1674 328 1734 viam
345 1672 425 1733 fecit.
440 1673 502 1732 Indi
517 1674 574 1733 siue
593 1674 662 1735 odio
676 1676 772 1743 ducis,
791 1674 851 1735 siue

170 1755 301 1839 gratiam
312 1753 426 1812 victoris
437 1753 508 1833 regis
525 1753 640 1822 inituri,
665 1754 785 1832 Erycem
803 1754 848 1814 fu-

171 1837 305 1917 gientem
335 1831 426 1891 adorti
445 1833 673 1902 interemerunt,
708 1852 849 1911 caputque

171 1908 239 1991 ejus
248 1931 334 1988 atque
344 1932 421 1971 arma
432 1912 468 1969 ad
475 1912 670 1972 Aiexandrum
679 1914 849 1987 detulerunt.

170 1996 231 2057 llle
241 1992 322 2054 facto
332 1990 532 2067 impunitatem
543 1992 633 2060 deditt
646 1991 786 2051 honorem
799 1990 849 2051 c'c-

166 2072 294 2154 negavit
312 2071 460 2146 exemplo.
479 2070 556 2129 Hinc
574 2070 609 2130 ad
626 2068 731 2131 iiuncn
746 2070 850 2131 Indum

169 2150 390 2215 sextisdecumis
403 2150 498 2210 castris
510 2151 660 2226 peruenit,
675 2152 848 2229 omniaque,

170 2251 207 2295 ut
225 2248 417 2309 praeceperat,
432 2231 466 2288 ad
482 2228 678 2303 trajiciendum
697 2246 849 2309 preparata

167 2315 212 2373 ab
222 2308 427 2387 Hephaestione
438 2311 551 2387 reperit.
560 2310 708 2391 Regnabat
719 2311 748 2369 in
760 2330 792 2369 ea
804 2328 849 2368 re·

171 2392 265 2472 gione
283 2386 435 2464 Omphis,
459 2391 507 2465 qui
528 2389 599 2465 parri
621 2408 734 2465 quoque
758 2388 850 2447 fuerat

172 2486 279 2531 auctor
289 2466 409 2527 dedendi
420 2488 538 2547 regnum
548 2469 725 2527 Alexandro.
738 2466 773 2526 Et
785 2482 851 2544 post

170 2567 302 2613 mortem
311 2547 434 2625 patentis
446 2551 556 2627 legatos
569 2548 702 2616 miserat,
719 2546 767 2623 qui
778 2566 850 2609 con-

135 2682 144 2693 .
170 2631 301 2691 sulerent
316 2647 408 2695 eum,
424 2646 541 2704 regnare
557 2646 588 2685 se
608 2626 720 2687 interim
741 2624 851 2697 veliem·
905 2692 907 2695 ¹

170 2728 212 2769 an
230 2705 374 2787 privatum
392 2705 510 2784 opperiri
529 2705 589 2783 ejus
605 2704 762 2767 aduentum.
780 2705 850 2766 Per-
902 2778 903 2781 Ἰ
966 2752 970 2757 .

171 2788 324 2864 missoque
335 2802 368 2845 ut
382 2803 535 2864 regnaret,
561 2806 619 2845 non
634 2805 729 2847 tamen
745 2786 787 2859 jus
798 2786 851 2847 da-

171 2883 241 2935 tum
255 2884 391 2945 usurpate
408 2866 547 2927 sustinuit.
558 2865 585 2925 Is
602 2865 726 2947 benigne.
739 2865 857 2942 quidem

699 2962 764 3043 Pu
