2350 3967
255 521 258 528 ,
343 474 418 546 gnte
485 455 583 539 ·'Q.
622 454 863 521 CUR'rlt

342 548 526 629 Terrarum,
544 556 656 635 inquit,
674 576 742 637 quas
758 548 891 618 Oceanus
907 553 975 618 ltine
991 556 1040 620 ai·‘

352 635 428 707 iuis,
439 632 519 697 iiiinc
530 634 635 704 claudit
644 632 860 729 Hellespontus,
870 632 957 717 paulo
969 628 1032 698 an'te
1099 652 1100 705 t

354 812 410 866 et,
438 815 488 875 quo
531 792 616 855 saluti
639 792 825 875 praeponitis,
848 790 882 853 de
903 790 1034 857 libertate

350 893 372 957 p
409 874 530 935 nandum
549 890 603 944 est.
631 872 689 933 Hit
709 871 770 933 dies
792 870 957 954 imperium,
981 892 1032 955 quo

352 970 390 1014 nu
403 952 461 1016 lum
472 951 588 1034 amplius
601 948 674 1012 uidit
689 970 775 1027 atos,
794 968 842 1011 aut
858 950 1031 1023 constituet,

352 1021 402 1093 au't
410 1025 510 1112 fidip't,
529 1029 611 1111 Apud
626 1028 782 1092 Granicum
796 1028 913 1091 minima
927 1030 1031 1093 uirium
1098 1072 1100 1091 ,

354 714 461 778 domini
471 758 482 787 ,
490 736 556 855 pam
567 735 621 775 non
632 710 666 777 de
678 713 790 795 glotta,
807 710 905 775 sealde
920 712 1032 787 salute,
1099 716 1100 719 ’

349 1128 430 1191 parte
440 1116 501 1172 cu'm
512 1107 590 1170 inoste
602 1110 767 1171 certauimus
782 1135 793 1171 .·
809 1108 838 1169 in
851 1106 960 1171 Cilicia
972 1110 1033 1172 uic·
1099 1128 1100 1197 ζ

340 1194 397 1251 'ros
414 1185 496 1271 Syria
512 1204 622 1269 poterat
640 1188 766 1270 excipere
785 1214 796 1249 .·
815 1208 917 1269 magna
934 1186 1031 1250 muni·

351 1286 446 1330 mento
462 1268 541 1351 regni
557 1265 655 1349 Tigris
667 1285 747 1348 atque
762 1262 918 1348 Euphrates
937 1284 1030 1332 erant.

351 1341 473 1411 Ventum
489 1365 533 1409 est
547 1367 601 1417 eo,
623 1345 695 1407 unde
709 1344 800 1429 pulsis
818 1367 853 1406 ne
862 1343 947 1427 fugos
966 1346 1030 1426 qui·

351 1425 415 1488 dem
437 1426 589 1490 iocusrest.
618 1422 721 1487 Omnia
743 1442 800 1486 tam
825 1422 934 1487 diutino
956 1424 1030 1489 bello

350 1504 490 1568 exhausta
510 1523 576 1587 post
597 1522 705 1585 tergum
726 1522 792 1565 sunt
810 1531 820 1565 .·
840 1526 895 1565 non
916 1504 1030 1568 incolas

341 1583 427 1663 'suos
445 1584 525 1645 urbes
539 1603 553 1657 ;
568 1651 570 1655 ,
585 1604 639 1645 non
662 1582 779 1645 cultores
801 1581 902 1645 iubent
931 1602 1031 1661 terre.

352 1662 494 1745 Coniuges
516 1682 618 1742 quoque
639 1680 667 1725 et
686 1660 769 1725 liberi
785 1680 935 1742 sequuntur
956 1662 1030 1727 dont

343 1742 440 1816 ‚aciem
462 1768 473 1802 .·
493 1759 592 1821 parata
613 1740 738 1803 hostibus
755 1740 873 1825 prado,
895 1742 958 1805 nisi
981 1762 1029 1825 pro

349 1819 511 1881 carissimis
528 1822 693 1903 pignoribus
717 1821 1030 1913 corporaopponimus.

349 1896 438 1981 Quod
456 1920 575 1993 mearum
588 1900 649 1979 fia't
666 1919 786 1981 partuum
798 1920 812 1973 ;
836 1919 995 1993 exercitum
1015 1945 1028 1975 ,
1099 1904 1100 1907 ’

341 1998 428 2064 prtem
437 2000 507 2060 pene
521 2000 656 2043 immensa
668 1979 803 2062 planities
819 1998 870 2041 utto
888 1998 1029 2061 caperet,

347 2058 504 2139 comparavi
523 2087 534 2121 .-
552 2072 653 2139 epuos,
676 2079 752 2119 armo
768 2056 900 2119 distribui
921 2085 931 2121 .-
950 2080 1029 2121 tom·

349 2154 485 2208 meatus,
509 2138 650 2201 ne'ta'ntoe
671 2136 841 2199 multitudini
865 2135 1028 2211 deessent,

345 2213 458 2297 providi
468 2242 478 2276 .·
490 2215 598 2288 locum,
620 2218 649 2279 in
661 2238 711 2295 puo
722 2216 798 2278 acies
809 2215 946 2299 explicari
957 2238 1029 2299 pos·

347 2312 411 2361 set,
427 2292 511 2375 elegi.
526 2294 632 2357 Cetera
642 2296 672 2360 in
683 2315 776 2375 uestro
784 2312 924 2379 potestate
934 2312 1025 2361 sunts

345 2372 446 2434 audete
457 2372 535 2435 modo
546 2374 659 2439 uincere
667 2396 680 2449 ;
687 2374 866 2453 sumantque,
881 2373 1027 2452 infirmis·

345 2447 446 2513 simum
454 2452 687 2533 adversussortes
696 2454 771 2517 risos
783 2452 884 2525 telum,
897 2472 1024 2533 sontem-

335 2531 417 2609 ,nite.
434 2522 589 2596 Temeritas
609 2552 652 2596 est
660 2576 672 2605 ,
684 2554 772 2613 ¹quom
787 2532 876 2595 adhuc
891 2534 941 2626 pro
957 2534 1024 2597 uir·

341 2611 404 2671 ¹tute
427 2610 562 2673 timuistis
577 2622 589 2675 '.·
607 2635 666 2694 qua
686 2610 732 2673 uon·
748 2612 866 2695 primum
889 2614 1025 2695 impetum

326 2685 465 2771 effudit,
498 2691 573 2751 velut
601 2692 723 2769 quadam
751 2688 886 2753 animalia
915 2690 1025 2759 amisso

340 2766 552 2855 'aculeo'torpen
576 2769 618 2831 Hi
634 2791 695 2831 reto
713 2770 800 2853 campi
817 2769 1024 2851 deprehendere

339 2865 534 2929 paucitatem,
557 2870 637 2931 quant
649 2848 760 2917 Cilicia
774 2868 881 2913 montes
897 2852 1024 2923 abstonae
