2350 3967
252 438 306 491 IN
349 438 386 501 Q·
422 440 621 493 CUR·T1UM
670 443 699 496 l.
733 447 756 499 1·
824 454 857 495 at

173 524 351 588 Demaratus3
370 530 528 593 Megarenses
546 528 709 587 Prmodorus,
728 529 858 589 Heliseus,

169 590 312 654 Perilaus3
332 596 481 645 Euboeenses
497 592 669 659 Hipparchus,
690 595 832 648 Clitarchus
848 636 859 659 ,

170 675 197 709 et
212 662 394 720 Sosistratus,
416 677 463 711 suae
478 660 568 727 quique
586 661 694 713 civitatis
709 662 835 728 principes
849 698 858 724 ,

170 728 352 779 conciliabant
368 746 375 779 :
388 728 529 793 Olynthum
544 729 701 794 Euthycrates
714 746 741 781 et
753 730 858 781 Lasthe-

168 809 213 845 nes
227 796 415 859 prodiderant.
422 801 476 845 Una
487 800 661 859 Spartanorum
672 796 757 849 civitas
767 797 857 851 ueteris

169 860 319 920 disciplina
329 861 433 941 egrepie
446 878 533 919 tenax,
548 877 573 925 et
581 862 731 926 proditionis
742 864 856 918 immunis
919 902 923 909 ·

169 927 228 979 fuit.
249 932 304 980 Sed
320 947 379 981 cum
389 928 495 993 imperio
504 928 584 979 totius
593 930 693 983 Greciae
701 930 854 993 immineret,

166 996 374 1050 Atheniensium
388 995 495 1047 maxime
507 1013 568 1061 opes
576 998 665 1049 morari
674 998 793 1051 destinata
803 1016 858 1050 eer-

166 1064 248 1113 nebat
259 1101 269 1123 ,
282 1082 328 1117 nec
340 1066 443 1115 deerant
451 1062 477 1113 in
488 1062 608 1123 civitate,
622 1064 661 1131 qui
676 1083 713 1116 res
729 1066 758 1117 ad
774 1064 855 1131 ipsum

167 1130 304 1183 traherent
321 1148 330 1190 3
356 1132 400 1181 sed
418 1130 552 1196 populus,
574 1130 615 1196 qui
633 1131 714 1183 omnia
731 1148 856 1197 poterat,

166 1190 326 1260 impellente
335 1198 784 1257 Demosthene,contraMacedonum
793 1214 855 1265 opes

165 1263 322 1321 nitebatur:
336 1264 493 1329 crebrisque,
510 1280 537 1315 ut
547 1263 609 1315 inter
617 1282 731 1329 potentes
739 1267 855 1328 vicinos,

167 1332 410 1392 contentionibus,
435 1330 561 1397 ingenium
585 1331 695 1397 Philippi
718 1332 853 1393 callidum,

168 1402 272 1459 audax,
298 1416 326 1450 et
343 1400 378 1449 ob
396 1398 591 1449 dominationem
608 1397 665 1450 fidei
678 1404 793 1465 famaque
810 1416 856 1451 ne·

110 1498 113 1503 ·
168 1464 276 1532 gligens
286 1482 457 1533 cognoverat.
467 1464 574 1515 Maxime
585 1465 760 1543 urebatregem
771 1482 857 1519 recens

168 1533 269 1595 dolor,
278 1535 350 1601 quod
360 1534 391 1583 ad
399 1531 559 1600 Byzantium,
569 1532 759 1584 Atheniensium
768 1551 853 1597 opera,

169 1616 217 1663 spe
232 1620 275 1653 sua
289 1599 425 1653 excidisset
440 1598 500 1664 :qui
511 1616 564 1651 non
574 1602 651 1651 modo
664 1616 762 1653 centum
777 1617 804 1652 et
815 1600 855 1651 vi·

169 1667 241 1733 giuti
256 1668 359 1721 navium
377 1668 480 1731 classem
496 1665 600 1717 obsessis
612 1667 704 1719 auxilio
719 1668 853 1729 miseranc3

101 1764 104 1770 ι
169 1738 218 1786 sed
234 1753 259 1787 et
277 1735 350 1787 Chiis
358 1732 514 1798 Rhodiisque
528 1735 611 1785 eadem
621 1734 726 1787 audendi
741 1752 855 1787 auctores

170 1806 280 1855 fuerant.
290 1802 374 1870 Igitur
385 1803 443 1855 dnm
453 1804 691 1865 percuraturvulnus
700 1801 726 1853 in
735 1801 854 1853 Triballis

169 1887 306 1936 acceptum
318 1906 326 1928 ‚
338 1869 422 1921 omnia
431 1869 532 1945 occulte
539 1869 704 1933 preparabat,
715 1871 853 1935 qquthe-

80 1950 83 1959 ¹
120 1980 121 1983 ,
170 1937 270 1989 nienses
286 1936 440 2001 improvisus
454 1950 617 2001 opprimeret.
638 1936 780 1989 Exercitum
793 1935 854 1988 reti·-

172 2005 242 2057 nenti
265 2002 383 2055 obtentui
403 2020 476 2055 erant
489 2000 634 2069 lllyriorum
655 2002 784 2059 nationes,
803 2022 855 2067 que

170 2072 277 2140 ingenio
294 2076 410 2131 feroces,
428 2088 453 2121 et
472 2068 601 2121 servitutis
613 2068 729 2129 insuetae,
746 2068 856 2133 imposi·
902 2070 908 2131 ζ

170 2156 225 2192 eum
236 2156 316 2205 nuper
327 2141 412 2205 iugum
428 2153 543 2188 excutere
554 2136 688 2189 tentabant.
697 2143 725 2189 ln
736 2154 779 2187 eos
787 2137 852 2187 Ale-

170 2210 265 2261 xander
280 2206 384 2263 missus,
400 2204 511 2255 barbaris
524 2203 584 2255 fusis
598 2204 735 2273 fugatisque
750 2222 802 2256 eam
819 2206 853 2255 de

168 2281 271 2329 fortuna
284 2290 357 2340 atque
368 2273 463 2325 virtute
472 2289 514 2321 sua
523 2288 610 2349 spem,
626 2289 652 2323 et
660 2269 846 2339 reliquissent,

169 2344 260 2408 etipse
270 2340 405 2405 concepit,
427 2356 455 2390 ut
462 2340 510 2401 jam
520 2355 571 2390 sine
580 2355 649 2403 patre
657 2340 726 2390 rebus
734 2337 852 2405 gerundis

169 2428 195 2461 se
213 2427 298 2475 parem
315 2407 480 2459 existimaret.
497 2408 556 2455 Hac
573 2422 617 2469 per
629 2406 754 2471 biennium
770 2421 850 2473 gesta·

170 2478 301 2543 Philippus
318 2490 401 2527 autem
418 2471 560 2539 preparatis
573 2472 703 2533 omnibus,
720 2489 770 2539 que
786 2471 849 2548 olim

171 2546 337 2597 destinaverat
353 2540 462 2606 exequi,
478 2555 599 2591 maturum
616 2555 849 2603 ratus,txoptat1s-

171 2612 229 2663 sima
246 2612 382 2663 occasione
404 2608 511 2665 oblata,
526 2622 581 2656 ante
597 2606 697 2659 initium
712 2606 776 2657 veris
793 2622 849 2657 cnm

172 2680 276 2731 exercitu
291 2680 318 2729 in
328 2674 455 2729 Graeciam
471 2672 543 2725 venit
554 2689 561 2731 3
572 2671 717 2725 convocatis
729 2672 804 2728 etiam
818 2689 850 2725 ex

169 2748 344 2813 Peloponneso
358 2742 446 2809 copiis
460 2739 597 2810 soc-iorum.
608 2740 705 2805 Quippe
726 2739 849 2805 Amphic-

168 2830 265 2881 tyonum
288 2816 397 2865 decreto
413 2822 515 2859 creatus
533 2822 585 2859 erat
598 2807 733 2873 imperator
747 2810 849 2858 Greco-

165 2899 236 2951 μω,
254 2899 283 2935 ut
292 2877 464 2933 insolentiam
473 2876 629 2935 Locrorum,
640 2872 682 2941 qui
689 2873 846 2945 Amphissam
