2350 3967
334 493 384 542 ror
433 489 461 544 de
494 485 686 542 FREINSH.
720 481 915 538 stipulata·

332 575 440 644 r'eg'ionis
463 575 620 634 admiratus,
643 581 699 642 q'ue'
718 573 774 625 aliia
794 573 917 626 frutribus
936 570 1015 624 inter

331 642 537 710 praestantissimas
549 644 636 702 dives,
650 643 836 708 opobalsamum
845 643 900 694 sola
909 642 1011 706 produ-

330 711 367 762 ait
383 747 390 770 ,
409 713 612 764 Andromachum
635 710 666 761 iia
685 708 828 776 regionibus
845 708 1006 775 proeposuita

331 795 402 845 quem
423 779 566 830 Samaritani
592 776 703 844 perpetui
725 778 865 830 Judaoruna
888 777 1007 835 hortea,

330 847 405 910 paulo
419 861 477 910 poet
485 847 605 897 atrociter
621 853 778 896 necaverunt.
786 846 832 895 Sed
842 847 891 895 hac
901 842 1007 908 quidem

330 925 390 978 poet
409 918 499 980 Tyrum
517 915 658 978 Gazamque
674 927 824 978 expugnatas
839 925 911 980 geete
923 925 1010 963 tamt:

330 990 377 1032 dos
386 997 428 1045 per
441 980 598 1032 occasionem
611 979 777 1044 praecepimus.

364 1051 444 1100 Cae.
459 1051 526 1100 XII.
541 1051 656 1116 Ceterum
671 1045 789 1112 angustiis
803 1045 836 1094 ad
847 1058 915 1096 mare
927 1043 1012 1096 Pana·¹

329 1113 441 1181 pbyliuna
462 1115 598 1179 superatis,
616 1115 756 1165 Alexander
769 1111 856 1178 Pergis
873 1117 1007 1176 profectus

330 1181 356 1231 in
371 1180 459 1233 itinere
472 1181 562 1233 obvius
576 1181 662 1232 habuit
676 1180 861 1246 Aspendiorum
879 1182 981 1246 legatos
993 1216 1006 1240 ‚

331 1266 360 1301 ear
369 1249 520 1316 principibus
529 1249 639 1302 civitatis
649 1267 657 1301 r
674 1248 693 1298 ii
705 1261 816 1312 petentes
826 1265 853 1298 nt
859 1249 1005 1314 praesidium

331 1321 432 1386 recipere
446 1335 608 1388 cogerentur,
625 1318 798 1384 quinquaginta
807 1317 900 1366 talenta
913 1316 943 1366 in
954 1317 1015 1365 sti-²

324 1388 438 1456 pendium
460 1388 584 1444 militum,
602 1400 625 1436 et
646 1399 761 1452 quantum
780 1399 891 1448 sporum
909 1382 1005 1433 tributa·

330 1455 423 1506 domine
436 1455 488 1522 regi
504 1455 635 1506 Persarum
650 1455 713 1503 alere
728 1464 918 1506 consueverant,
936 1465 1010 1512 prose

329 1519 456 1571 miserunt.
470 1521 531 1570 rude
545 1531 587 1570 rear
603 1519 633 1567 ad
648 1516 742 1567 Sidetas
756 1515 799 1582 qui
811 1516 934 1568 Melanern
948 1533 1010 1566 ant-³

329 1601 384 1637 nem
400 1587 538 1646 accolunt,
561 1583 704 1651 progresdus
721 1598 780 1642 esra
803 1586 954 1634 Cumuorurn
971 1600 1006 1635 ex

329 1653 430 1704 AEolide
444 1669 537 1719 genus,
555 1653 599 1704 sed
607 1662 719 1704 sermone
728 1651 832 1702 barbaro
846 1669 853 1701 a
868 1667 924 1700 narn
932 1652 1006 1701 Grae-

329 1737 371 1772 cus
385 1721 547 1780 exoleverat,
566 1731 618 1788 non
636 1718 796 1771 diuturnitate
811 1717 949 1784 temporie,
972 1730 1004 1770 ut

329 1789 437 1850 accidit3
455 1803 539 1840 verum
554 1795 658 1854 majorcr‘
667 1804 739 1845 tuos,
758 1802 786 1838 ut
799 1787 826 1838 in
838 1787 1003 1855 cartegiam

327 1869 444 1909 venerunt
459 1861 579 1924 ,repente
597 1855 684 1908 oblitos
695 1856 787 1921 patric
805 1857 896 1924 linguae
909 1871 1001 1905 navam

328 1939 352 1976 er
369 1940 442 1976 antea
462 1925 598 1974 inauditam
618 1923 722 1974 sonuisse
741 1922 921 1972 memorabant·
940 1920 1003 1971 Side

328 2005 435 2056 recepta,
446 2007 496 2056 qua
502 1989 652 2056 Pamphylia
662 1987 870 2052 metropolitem
879 1987 1001 2054 ‚Sylli'una

327 2057 422 2118 ibatur,
439 2073 519 2108 tutum
532 2073 618 2109 natura
631 2055 693 2106 aitds
704 2055 837 2120 oppidum,
852 2069 879 2105 ea
890 2071 940 2105 tarn
954 2072 1004 2120 pe-

326 2125 426 2190 regrino
444 2124 543 2182 milite,
566 2140 638 2188 quana
657 2123 814 2174 barbarorum
832 2122 1001 2174 accolentium

327 2193 396 2242 flrrna
418 2199 491 2240 adanu
505 2189 606 2256 egregie
620 2188 752 2242 munitatu
771 2193 806 2240 Ea
824 2206 880 2248 res,
900 2205 927 2240 et
939 2191 1002 2256 quia

327 2259 459 2326 Aspendior
483 2258 600 2311 rebellare
620 2257 794 2316 nuntiabatur,
812 2256 904 2324 auertit
923 2257 974 2308 iter
993 2276 1002 2311 ι

277 2366 279 2370 .
327 2325 520 2392 Aspendumque
541 2326 630 2376 ductus
651 2341 689 2376 eat
704 2324 834 2376 exercitus.
857 2324 900 2375 Illi
916 2325 1001 2381 subita

326 2395 491 2444 Macedonum
509 2392 648 2458 irruptione
662 2391 760 2451 territi,
777 2392 881 2443 desertis
900 2409 951 2458 qua
971 2394 1001 2445 in

325 2461 400 2527 plano
411 2476 479 2511 erant
492 2459 621 2520 adificiis,
638 2461 665 2510 in
673 2477 753 2511 arcem
766 2459 917 2512 concessere,
933 2461 1002 2512 Ale-

326 2531 417 2580 xander
431 2545 508 2579 vacua
523 2527 582 2579 urbe
602 2528 696 2593 potitus
716 2528 762 2578 sub
778 2526 831 2591 ipra
847 2543 902 2578 arce
917 2543 1000 2580 castra

327 2595 481 2654 cummunit3
498 2610 524 2646 et
539 2613 595 2646 curn
609 2594 771 2660 peritissimae
783 2593 936 2645 architectos
950 2596 1001 2646 ba-

326 2667 413 2723 beret,
434 2678 550 2728 apparatu
563 2661 757 2740 oppugnationis
774 2662 887 2713 obsessos
902 2664 934 2713 ad
949 2681 999 2726 pa·

326 2748 380 2781 cem
397 2729 519 2795 prioribus
543 2729 729 2780 conditionibus
746 2731 905 2792 repetendam
921 2747 998 2781 com.

326 2797 401 2863 pulit.
412 2797 484 2848 Nihil
494 2797 524 2847 ad
539 2798 630 2858 nta'jorn
646 2793 788 2861 properanti
803 2796 913 2861 optarius
927 2798 999 2848 acci·

327 2865 384 2918 dere
405 2865 549 2932 potuisset,
570 2879 642 2933 quan
661 2863 716 2918 loci
736 2864 803 2918 haud
820 2865 1000 2934 comtmueadi
