2350 3967
311 489 712 560 trouuvttu-
766 501 824 574 '4‘1'1

128 585 260 661 strenue
273 593 409 665 Oxarte,
423 591 551 671 futurum
562 617 594 656 se
606 595 634 657 in
645 595 721 678 regis
728 616 828 679 potes-

134 695 201 738 tate
219 673 393 753 respondit3
410 695 500 735 unum
511 694 658 752 precatus,
677 699 712 738 rte
726 676 828 739 volun·-

135 773 234 816 tatem
244 773 275 814 et
286 751 433 812 consilium
443 753 540 813 matris
549 764 607 814 tute
614 754 759 836 proderet,
775 777 827 838 qus

128 833 268 913 facilius
280 831 364 894 aenio
374 830 418 890 illi
429 851 532 912 quoque
543 831 743 914 impetraretur.
751 835 827 898 Prae-

138 916 273 976 missurn
284 912 371 992 igitur
379 911 511 971 Oxarten
527 931 595 972 cum
612 931 702 975 matre
717 915 829 978 liberis·

140 1015 204 1072 que
217 1011 247 1052 et
256 993 345 1052 totius
354 992 534 1072 cognationis
540 1011 628 1074 grege
638 996 825 1072 sequebatur,

141 1093 185 1132 ne
197 1087 367 1150 exspectato
384 1069 497 1148 quidem
507 1071 572 1132 fidei
590 1073 732 1154 pignore,
749 1075 827 1152 quod

142 1151 279 1214 Oxartes
288 1149 468 1228 promiserat.
480 1149 650 1228 Rex-equite
661 1154 825 1230 premisso,

142 1230 199 1310 qui
210 1228 317 1290 reverti
330 1249 377 1288 eos
388 1228 514 1306 juberet,
525 1228 696 1312 opperirique
703 1250 832 1310 praesetz·

143 1311 220 1371 riom
239 1307 353 1391 ipsius,
375 1309 557 1386 supervenit3
576 1324 606 1370 et
625 1309 750 1371 victimis
768 1313 829 1372 Mi·

144 1410 246 1449 nervae
262 1409 297 1448 ac
306 1387 444 1450 Victoriae
455 1391 530 1450 caesis
542 1389 695 1467 imperium
708 1387 828 1468 Sysimi-

144 1469 207 1530 thri
223 1466 366 1540 restituit;
418 1487 435 1526 e
451 1467 564 1545 majoris
577 1467 662 1530 etium
674 1467 829 1550 provincie
855 1525 859 1535 .

143 1551 224 1611 facta
236 1587 247 1616 ,
269 1546 296 1607 si
310 1488 441 1625 rumolde
453 1545 607 1608 amicitiam
618 1545 705 1628 ipsius
717 1548 825 1610 coluis-

147 1647 205 1689 set.
218 1627 305 1686 Duos
312 1626 358 1686 illi
370 1625 485 1702 juvenes
494 1644 574 1705 patre
589 1627 716 1687 tradente
732 1647 826 1689 secum

147 1705 323 1768 militaturos
333 1704 410 1782 sequi
420 1705 511 1784 jussit.
522 1705 633 1766 Relicta
643 1705 743 1768 deinde
754 1708 828 1787 pha-

147 1788 238 1866 lange
257 1784 292 1846 ad
303 1783 492 1863 subigendos,
504 1785 553 1863 qui
565 1786 746 1858 defecerant,
758 1809 827 1850 cum

147 1869 247 1944 equite
258 1865 405 1943 processit.
418 1863 548 1926 Arduum
559 1883 588 1923 et
599 1865 767 1943 impeditum
779 1889 827 1926 sa·-

147 1950 194 2007 nis
212 1945 269 2004 iter
284 1943 379 2022 primo
394 1960 547 2022 utcumque
562 1945 734 2006 tolerabant.
752 1947 827 2005 Mox

149 2045 296 2104 equorum
314 2043 374 2082 non
392 2023 505 2105 ungulis
522 2022 612 2082 modo
632 2024 754 2098 attritis3
779 2023 829 2085 sed

149 2104 321 2182 corporibus
337 2103 425 2163 etiam
441 2101 563 2184 fatigatis
577 2147 587 2171 ‚
608 2103 686 2181 sequi
702 2103 838 2182 plerique

150 2206 212 2246 non
223 2200 379 2262 poterant,
398 2198 428 2244 et
437 2183 522 2243 ramus
532 2181 648 2246 subinde
658 2203 762 2266 agmen
773 2183 828 2245 fie-

150 2267 221 2333 bat,
242 2261 403 2341 pudorem‚
420 2279 451 2320 ut
466 2263 526 2322 fere
536 2261 588 2330 fit,
607 2263 765 2324 immodico
779 2265 827 2324 la·

150 2348 223 2405 bore
243 2343 387 2404 vincente.
406 2339 470 2400 Rex
489 2357 586 2401 tamen
604 2342 720 2414 subinde
739 2361 829 2418 equos

151 2442 268 2485 rnutans
280 2461 290 2490 ,
312 2421 372 2482 sine
383 2419 590 2480 intermissione
600 2419 740 2499 fugientes
751 2421 829 2480 inse-

151 2507 304 2582 quebatur.
325 2499 448 2560 Nobiles
469 2500 587 2578 juvenes
606 2499 739 2559 comitati
760 2516 829 2558 eum

153 2583 233 2643 soliti
254 2580 416 2641 deiecerant
430 2597 530 2656 prater
548 2575 724 2656 Philippum.
745 2576 830 2655 Lysi-

152 2661 249 2722 machi
268 2677 330 2720 etat
345 2659 450 2728 frates,
471 2676 533 2719 tum
548 2659 673 2736 primum
690 2657 827 2728 adultus,

153 2757 183 2802 et
204 2740 283 2818 quod
307 2738 390 2798 facile
411 2757 556 2816 appareret
575 2735 678 2797 indolis
697 2757 777 2802 rara.
801 2739 830 2802 Is

137 2876 139 2878 ,
153 2823 258 2899 pedes,
278 2817 445 2878 incredibile
456 2819 552 2888 dictu,
566 2837 617 2896 per
628 2838 648 2876 n
662 2815 749 2876 stadia
759 2837 829 2879 vec-

155 2918 216 2964 turn
224 2919 325 2981 regem
334 2896 485 2960 comitatus
492 2913 627 2975 est5saepe
635 2915 739 2973 equum
747 2917 829 2962 suurn

606 2993 767 3077 lltuii.
