2350 3967
328 480 524 545 LIBER
569 482 644 550 VI.
767 510 824 564 299

130 585 145 648 i
183 582 251 655 ias,
276 580 441 654 Tribalits,
467 583 622 655 Boeotiam,
642 584 823 659 Thraciam,

184 682 293 733 amam,
306 660 444 733 Achoeos,
457 659 675 741 Peloponnesum
688 693 697 726 .·
711 667 824 744 quarum

134 686 202 805 ahia
219 742 308 803 ductu
329 761 411 811 meo,
436 739 494 801 alia
515 742 631 821 imperia
649 746 824 825 auspiciaque

130 821 313 905 perdamui3
331 832 395 881 'ecce
409 820 465 881 orsi
485 818 585 880 helhum
604 820 822 903 uei-Heiiespan-

136 918 210 965 tum.
236 900 350 969 Ionas,
379 897 521 960 AEaiidetn
547 900 663 960 seruitia
690 900 823 965 harhatiee

136 979 309 1061 impotentis
332 979 485 1039 exemimus
496 998 509 1050 ;
530 976 664 1049 Cariam,
682 978 820 1054 Lydium,

140 1056 374 1140 Cappadociam,
392 1055 451 1117 Phr
467 1056 564 1137 giam,
579 1056 821 1141 Paphlagoniam,

138 1135 359 1229 Pamphyliam,
375 1076 511 1207 Pisiias,
528 1134 677 1207 Ciliciam,
691 1136 717 1199 S
744 1141 800 1201 iam
807 1182 820 1213 ‚

140 1214 316 1284 Phoenicen,
328 1214 506 1286 Armeniam,
518 1214 683 1285 Persidem,
733 1219 819 1293 edos,

137 1293 318 1357 Parthienen
343 1293 473 1354 hahemus
495 1294 525 1356 in
542 1308 703 1375 potestate.'
720 1295 821 1358 Plures

134 1373 307 1457 provincias
317 1372 477 1455 complexus
489 1395 566 1445 sum,
582 1379 665 1454 quam
674 1373 725 1435 aiii
737 1375 821 1438 uehet

138 1470 288 1536 ceperunt.
305 1450 350 1513 Et
367 1453 483 1520 nescio,
507 1474 542 1514 au
560 1455 730 1515 enumeranti
750 1454 819 1517 mihi

137 1531 268 1613 quadum
284 1530 404 1613 ipsarum
417 1552 505 1593 rerunt
523 1532 668 1593 multitudo
679 1533 821 1595 subduxe-

137 1613 188 1677 rit.
201 1608 305 1689 Itaque
322 1610 350 1671 si
363 1609 500 1671 crederem
513 1648 528 1681 ,1
546 1612 619 1673 satis
638 1630 739 1674 certam
757 1632 820 1675 esse

135 1690 350 1774 pussessionem
362 1708 517 1761 terrarum,
539 1712 606 1771 quas
625 1710 703 1753 tanta
712 1692 819 1755 velocia

136 1789 198 1833 rute
210 1768 370 1830 domuimus
382 1788 395 1842 ‚·
410 1789 461 1850 ego
474 1790 558 1841 uero,
579 1769 705 1843 milites,
723 1772 760 1833 ad
768 1792 820 1854 pe·

137 1869 223 1911 nates
245 1868 346 1919 meas,
371 1847 407 1909 ad
426 1867 566 1929 parentem
589 1870 768 1930 sororesque,
789 1869 819 1911 et

136 1948 249 1992 ceteros
263 1926 360 1999 cives,
380 1926 426 1989 rel
437 1927 619 1989 renitentibus
630 1927 710 1989 vohis
727 1942 820 1989 etum-i

133 2028 231 2149 pereni
255 2032 267 2069 .·
286 2022 319 2067 ut
336 2006 376 2068 ihi
389 2006 565 2086 potissimum
581 2024 663 2097 parta
679 2004 821 2067 uobiscum

149 2087 223 2149 aude
240 2106 271 2147 et
282 2085 379 2167 glasia
390 2083 503 2162 fruerer
513 2104 526 2159 ;
548 2084 594 2145 ube
613 2098 664 2147 nas
681 2084 824 2147 uberrima

136 2166 273 2231 victoria
292 2166 412 2247 pramia
436 2180 582 2247 expectant
607 2163 784 2235 :hiberorum
808 2186 820 2236 ,

137 2247 319 2327 conjugum,
346 2263 542 2326 parentumque
568 2242 696 2315 latitia,
731 2261 817 2327 past,

137 2325 240 2407 puies,
260 2344 358 2386 rerum
373 2344 423 2405 per
433 2323 559 2385 uirtutem
572 2335 710 2403 partarum
722 2336 819 2384 secura

134 2405 294 2487 possessio.
306 2400 365 2463 Sea
374 2403 406 2463 in
416 2423 505 2473 nouo,
527 2419 554 2462 et
564 2406 579 2478 (
588 2401 614 2462 si
626 2421 718 2463 uerum
724 2400 819 2478 fateri

137 2482 264 2547 uolumus
282 2482 437 2564 >precario
461 2480 499 2542 int
517 2480 596 2551 erio,
618 2479 706 2541 adhuc
728 2483 819 2559 ‘ugum

137 2564 199 2644 ep'us
217 2562 316 2645 rigida
334 2560 443 2623 ceruice
461 2500 640 2621 suheuntihus
663 2502 819 2631 harhuris,

137 2659 278 2721 tempore,
293 2640 422 2711 milites,
434 2659 500 2721 opus
511 2656 571 2709 est,
588 2637 652 2700 dum
663 2634 819 2699 mitioribus

136 2721 262 2801 ingeniis
285 2720 448 2781 innuantur
467 2758 476 2789 ,
494 2734 543 2779 et
561 2714 690 2798 efferatos
709 2715 820 2780 molliat

137 2801 304 2863 consuetudo
324 2794 504 2880 permulceat.
517 2794 623 2876 Fruges
639 2805 740 2875 quapu‘e
759 2815 819 2857 ma-

136 2880 276 2945 turitatem
291 2896 404 2944 statuta
421 2894 545 2959 tempure·
554 2880 717 2957 es‘espectant
727 2902 738 2936 e
748 2876 819 2939 adea
