2350 3967
317 464 617 532 ·LIBERV.
759 486 816 546 ης

113 565 423 645 timebatur-nsque
441 566 517 645 quod
534 586 595 629 non
611 581 743 646 poterant
759 569 818 639 vi,

114 648 231 711 fraude
242 644 359 723 assequi
373 662 503 707 tentant:
517 646 714 724 poeniteutiam
724 668 819 710 seces-

118 726 224 790 sionis
244 724 385 789 simulare
402 723 612 798 decreverant,
636 744 667 788 et
682 745 818 789 excusate

119 806 209 887 apud
224 822 333 946 rupem
347 804 610 867 consternationem
630 827 723 869 suam.
736 806 818 867 Inte·

120 886 185 949 tim
196 884 251 965 qui
286 879 817 960 ersassollicitarent‘mittuntufflinc

121 987 179 1043 spe
192 1006 207 1036 ‚
226 965 299 1025 hine
312 982 394 1027 metu
405 964 541 1026 militares
551 965 665 1027 animos
679 981 817 1039 versam

126 1044 227 1123 ruina
245 1062 337 1105 rerum
353 1042 419 1105 illos
436 1042 549 1121 subdere
562 1044 657 1127 cupita
666 1064 679 1117 ;
702 1044 734 1105 in
746 1063 815 1124 per·.

127 1122 241 1185 niclem
255 1120 356 1197 trabi;
373 1142 434 1183 cum
448 1122 551 1183 Bactra
560 1140 698 1207 pateant,
714 1143 814 1203 except

128 1220 196 1263 tura
206 1221 256 1263 eos
267 1200 355 1262 donis
363 1219 391 1262 et
400 1200 557 1281 opulentitl,
571 1220 701 1284 quantam
710 1200 814 1263 animis

128 1282 281 1363 concipere
291 1280 476 1361 nonpossint.
494 1282 564 1345 Haec
575 1282 745 1365 agitantibus
756 1281 816 1341 Ar-

127 1365 254 1425 tabazus
271 1362 454 1439 supervenit,
473 1362 532 1423 sive
549 1367 624 1444 regit
641 1361 737 1441 jussu,
753 1359 818 1422 sive

128 1459 300 1520 sua-sponte
311 1462 321 1515 3
332 1438 475 1501 affirmans
486 1482 495 1507 ,
512 1441 669 1521 mitigatum
678 1458 740 1500 este
749 1435 815 1499 Du·

128 1521 234 1591 rium,
261 1536 291 1581 et
313 1516 436 1580 eumdem
457 1518 518 1581 illis
538 1519 672 1582 amicitia
691 1515 816 1597 gradum

127 1618 228 1679 putere
246 1596 323 1681 apud
344 1618 447 1677 regem.
460 1601 508 1661 llli
527 1601 716 1679 lacrymantes
735 1618 815 1659 nune

129 1700 258 1762 purgare
279 1696 340 1769 se,
363 1697 439 1740 nunc
457 1682 633 1741 Artabazum
653 1697 762 1756 crater
781 1694 813 1742 ut

128 1779 248 1819 causam
274 1777 397 1836 zpsorum
419 1776 559 1830 tueretur,
582 1777 730 1839 precesque
745 1776 816 1836 per-1

124 1834 228 1915 ferret.
246 1838 299 1899 Sic
317 1856 432 1915 peracta
451 1856 561 1909 nocte,
586 1841 636 1899 sub
656 1837 814 1900 lucis-ortu

130 1919 328 1980 Nabarzanes
353 1938 420 1979 cum
443 1918 599 1979 Bactrianis
620 1915 757 1977 militibus
780 1915 813 1973 in

129 1999 280 2061 vestibulo
289 1997 413 2075 prat-orii
426 1998 537 2062 aderat,
549 1996 665 2055 titulum
677 1992 815 2054 solemnis

133 2076 225 2139 oflicii
237 2076 359 2142 occulto
371 2076 471 2137 sceleri
484 2076 647 2156 praeferens
655 2071 761 2134 Darius
774 2072 816 2145 si·t

130 2178 191 2237 gno
202 2158 240 2219 ad
249 2156 379 2217 eundum
387 2157 593 2225 dat0,cutrum
602 2152 719 2232 pristino
728 2170 815 2229 more,

132 2236 315 2299 conscendit.
325 2234 508 2309 Nabarzanes
517 2236 658 2313 ceterique
667 2232 812 2312 parricida
893 2280 895 2284 .

131 2318 359 2393 procumbentes
377 2314 477 2385 humi,
495 2336 580 2394 quesn
593 2316 679 2393 paulo
696 2330 761 2391 post
779 2312 817 2385 in

133 2396 259 2457 vinculis
269 2394 393 2455 habituri
402 2394 659 2465 etant,sustinuete
669 2391 811 2459 uenerari,

133 2468 816 2553 lacrymaretiampoenitentiaeindicesprofudoe

132 2572 212 2615 tunt.
234 2554 323 2617 Adeo
332 2552 465 2615 humanis
476 2552 597 2635 ingeniis
608 2568 705 2629 parata
721 2548 817 2623 simus

131 2636 206 2695 latio
218 2651 271 2697 est.
283 2634 387 2702 Preces
396 2634 496 2695 deinde
505 2630 669 2711 suppliciter
676 2629 813 2697 admotae,

131 2713 256 2775 Darium
268 2754 278 2785 ,
292 2730 394 2776 natura
404 2713 564 2791 simplicem
575 2730 604 2772 et
614 2710 735 2779 mitem,
748 2728 817 2777 uon¹

132 2794 247 2853 credere
262 2793 355 2853 modo
368 2814 431 2869 qua
446 2792 641 2861 affirmabant,
658 2789 705 2851 sed
720 2788 809 2848 etiarn

133 2870 202 2937 llere
211 2890 381 2961 coegerunts
394 2872 488 2941 Actae
497 2890 559 2939 tum
569 2871 683 2951 quidem
692 2866 816 2954 cogitati¹
