<?xml version="1.0" encoding="UTF-8"?>
<!DOCTYPE html PUBLIC "-//W3C//DTD XHTML 1.0 Transitional//EN"
    "http://www.w3.org/TR/xhtml1/DTD/xhtml1-transitional.dtd">
<html xmlns="http://www.w3.org/1999/xhtml" xml:lang="en" lang="en">
 <head>
  <title>
</title>
<meta http-equiv="Content-Type" content="text/html;charset=utf-8" />
  <meta name='ocr-system' content='tesseract 3.04.00' />
  <meta name='ocr-capabilities' content='ocr_page ocr_carea ocr_par ocr_line ocrx_word'/>
</head>
<body>
  <div class='ocr_page' id='page_1' title='image "./qcurtiirufidere01rufugoog_0419.png"; bbox 0 0 2350 3967; ppageno 0'>
   <div class='ocr_carea' id='block_1_1' title="bbox 346 447 861 532">
    <p class='ocr_par' dir='ltr' id='par_1_1' title="bbox 346 447 861 532">
     <span class='ocr_line' id='line_1_1' title="bbox 346 447 861 532; baseline -0.01 -16"><span class='ocrx_word' id='word_1_1' title='bbox 346 457 406 528; x_wconf 82' lang='lat'>&#39;408</span> <span class='ocrx_word' id='word_1_2' title='bbox 529 449 574 532; x_wconf 85' lang='lat' dir='ltr'>Q.</span> <span class='ocrx_word' id='word_1_3' title='bbox 613 447 861 513; x_wconf 82' lang='lat' dir='ltr'>CURTII</span> 
     </span>
    </p>
   </div>
   <div class='ocr_carea' id='block_1_2' title="bbox 272 545 1096 2302">
    <p class='ocr_par' dir='ltr' id='par_1_2' title="bbox 272 545 1096 2302">
     <span class='ocr_line' id='line_1_2' title="bbox 347 545 1046 646; baseline -0.009 -30"><span class='ocrx_word' id='word_1_4' title='bbox 347 557 408 634; x_wconf 80' lang='lat' dir='ltr'>ejus</span> <span class='ocrx_word' id='word_1_5' title='bbox 425 549 527 646; x_wconf 80' lang='lat' dir='ltr'>offerre</span> <span class='ocrx_word' id='word_1_6' title='bbox 535 550 668 632; x_wconf 73' lang='lat' dir='ltr'>possim?</span> <span class='ocrx_word' id='word_1_7' title='bbox 683 550 801 612; x_wconf 88' lang='lat' dir='ltr'>Etcum</span> <span class='ocrx_word' id='word_1_8' title='bbox 818 549 888 610; x_wconf 81' lang='lat' dir='ltr'>finis</span> <span class='ocrx_word' id='word_1_9' title='bbox 901 545 1046 627; x_wconf 81' lang='lat' dir='ltr'>iactynrit</span> 
     </span>
     <span class='ocr_line' id='line_1_3' title="bbox 346 631 1043 713; baseline -0.009 -17"><span class='ocrx_word' id='word_1_10' title='bbox 346 637 523 713; x_wconf 82' lang='lat' dir='ltr'>querelisque</span> <span class='ocrx_word' id='word_1_11' title='bbox 542 652 603 692; x_wconf 90' lang='lat' dir='ltr'>non</span> <span class='ocrx_word' id='word_1_12' title='bbox 625 631 733 702; x_wconf 85' lang='lat' dir='ltr'>fierer;</span> <span class='ocrx_word' id='word_1_13' title='bbox 763 631 843 706; x_wconf 82' lang='lat' dir='ltr'>justu</span> <span class='ocrx_word' id='word_1_14' title='bbox 866 631 1043 690; x_wconf 86' lang='lat' dir='ltr'>amicorum</span> 
     </span>
     <span class='ocr_line' id='line_1_4' title="bbox 295 710 1041 791; baseline -0.009 -16"><span class='ocrx_word' id='word_1_15' title='bbox 295 782 298 788; x_wconf 56' lang='grc'><em>,</em></span> <span class='ocrx_word' id='word_1_16' title='bbox 343 733 447 791; x_wconf 76' lang='lat' dir='ltr'>corpur</span> <span class='ocrx_word' id='word_1_17' title='bbox 459 713 588 773; x_wconf 86' lang='lat' dir='ltr'>ablatum</span> <span class='ocrx_word' id='word_1_18' title='bbox 600 729 651 790; x_wconf 72' lang='lat' dir='ltr'>qst.</span> <span class='ocrx_word' id='word_1_19' title='bbox 661 711 727 772; x_wconf 79' lang='lat' dir='ltr'>Rex</span> <span class='ocrx_word' id='word_1_20' title='bbox 736 710 868 770; x_wconf 90' lang='lat' dir='ltr'>triduum</span> <span class='ocrx_word' id='word_1_21' title='bbox 880 710 979 782; x_wconf 81' lang='lat' dir='ltr'>jacuit</span> <span class='ocrx_word' id='word_1_22' title='bbox 991 711 1041 768; x_wconf 90' lang='lat' dir='ltr'>in-</span> 
     </span>
     <span class='ocr_line' id='line_1_5' title="bbox 338 789 1041 872; baseline -0.006 -18"><span class='ocrx_word' id='word_1_23' title='bbox 338 794 447 854; x_wconf 76' lang='lat' dir='ltr'>elusus.</span> <span class='ocrx_word' id='word_1_24' title='bbox 460 791 561 870; x_wconf 84' lang='lat' dir='ltr'><strong>Quem</strong></span> <span class='ocrx_word' id='word_1_25' title='bbox 573 808 605 852; x_wconf 91' lang='lat' dir='ltr'>ut</span> <span class='ocrx_word' id='word_1_26' title='bbox 615 789 747 872; x_wconf 81' lang='lat' dir='ltr'>armigeri</span> <span class='ocrx_word' id='word_1_27' title='bbox 758 791 960 867; x_wconf 79' lang='lat' dir='ltr'>corporisque</span> <span class='ocrx_word' id='word_1_28' title='bbox 972 811 1041 850; x_wconf 81' lang='lat' dir='ltr'>cus·</span> 
     </span>
     <span class='ocr_line' id='line_1_6' title="bbox 341 869 1042 934; baseline -0.007 -1"><span class='ocrx_word' id='word_1_29' title='bbox 341 873 427 934; x_wconf 85' lang='lat' dir='ltr'>rodes</span> <span class='ocrx_word' id='word_1_30' title='bbox 450 873 486 934; x_wconf 90' lang='lat' dir='ltr'>ad</span> <span class='ocrx_word' id='word_1_31' title='bbox 502 871 685 932; x_wconf 87' lang='lat' dir='ltr'>moriendum</span> <span class='ocrx_word' id='word_1_32' title='bbox 702 869 882 930; x_wconf 77' lang='lat' dir='ltr'>obstinatum</span> <span class='ocrx_word' id='word_1_33' title='bbox 899 891 966 930; x_wconf 81' lang='lat' dir='ltr'>esse</span> <span class='ocrx_word' id='word_1_34' title='bbox 986 890 1042 928; x_wconf 91' lang='lat' dir='ltr'>co-</span> 
     </span>
     <span class='ocr_line' id='line_1_7' title="bbox 347 949 1042 1034; baseline -0.009 -20"><span class='ocrx_word' id='word_1_35' title='bbox 347 969 531 1034; x_wconf 75' lang='lat' dir='ltr'>gnoverunt3</span> <span class='ocrx_word' id='word_1_36' title='bbox 550 950 673 1012; x_wconf 87' lang='lat' dir='ltr'>universi</span> <span class='ocrx_word' id='word_1_37' title='bbox 692 950 723 1008; x_wconf 87' lang='lat' dir='ltr'>in</span> <span class='ocrx_word' id='word_1_38' title='bbox 746 951 979 1012; x_wconf 85' lang='lat' dir='ltr'>tabernaculum</span> <span class='ocrx_word' id='word_1_39' title='bbox 1003 949 1042 1008; x_wconf 89' lang='lat' dir='ltr'>ir·</span> 
     </span>
     <span class='ocr_line' id='line_1_8' title="bbox 345 1027 1039 1109; baseline -0.006 -17"><span class='ocrx_word' id='word_1_40' title='bbox 345 1031 601 1109; x_wconf 86' lang='lat' dir='ltr'>rumpunt‚diuque</span> <span class='ocrx_word' id='word_1_41' title='bbox 609 1027 737 1107; x_wconf 88' lang='lat' dir='ltr'>precibus</span> <span class='ocrx_word' id='word_1_42' title='bbox 745 1048 851 1090; x_wconf 90' lang='lat' dir='ltr'>eorum</span> <span class='ocrx_word' id='word_1_43' title='bbox 859 1031 1039 1090; x_wconf 85' lang='lat' dir='ltr'>reluctatum</span> 
     </span>
     <span class='ocr_line' id='line_1_9' title="bbox 345 1108 1039 1192; baseline -0.007 -19"><span class='ocrx_word' id='word_1_44' title='bbox 345 1131 419 1192; x_wconf 73' lang='lat' dir='ltr'>agre</span> <span class='ocrx_word' id='word_1_45' title='bbox 434 1111 584 1178; x_wconf 81' lang='lat' dir='ltr'>vicerunt‘,</span> <span class='ocrx_word' id='word_1_46' title='bbox 600 1128 633 1170; x_wconf 91' lang='lat' dir='ltr'>ut</span> <span class='ocrx_word' id='word_1_47' title='bbox 647 1109 744 1168; x_wconf 84' lang='lat' dir='ltr'>cibum</span> <span class='ocrx_word' id='word_1_48' title='bbox 754 1126 886 1184; x_wconf 87' lang='lat' dir='ltr'>caperet.</span> <span class='ocrx_word' id='word_1_49' title='bbox 906 1108 1039 1184; x_wconf 86' lang='lat' dir='ltr'>Quoque</span> 
     </span>
     <span class='ocr_line' id='line_1_10' title="bbox 339 1185 1039 1266; baseline -0.007 -15"><span class='ocrx_word' id='word_1_50' title='bbox 339 1194 442 1252; x_wconf 77' lang='lat' dir='ltr'>minus</span> <span class='ocrx_word' id='word_1_51' title='bbox 455 1189 537 1250; x_wconf 79' lang='lat' dir='ltr'>caedis</span> <span class='ocrx_word' id='word_1_52' title='bbox 545 1187 661 1266; x_wconf 88' lang='lat' dir='ltr'>puderet</span> <span class='ocrx_word' id='word_1_53' title='bbox 672 1226 681 1256; x_wconf 92' lang='lat'>‚</span> <span class='ocrx_word' id='word_1_54' title='bbox 696 1186 759 1264; x_wconf 82' lang='lat' dir='ltr'>jure</span> <span class='ocrx_word' id='word_1_55' title='bbox 773 1185 963 1264; x_wconf 80' lang='lat' dir='ltr'>interfectum</span> <span class='ocrx_word' id='word_1_56' title='bbox 976 1185 1039 1248; x_wconf 78' lang='lat' dir='ltr'>cn·-</span> 
     </span>
     <span class='ocr_line' id='line_1_11' title="bbox 345 1268 1096 1350; baseline -0.005 -18"><span class='ocrx_word' id='word_1_57' title='bbox 345 1288 405 1332; x_wconf 84' lang='lat' dir='ltr'>rurn</span> <span class='ocrx_word' id='word_1_58' title='bbox 418 1269 592 1331; x_wconf 85' lang='lat' dir='ltr'>Macedones</span> <span class='ocrx_word' id='word_1_59' title='bbox 601 1268 777 1335; x_wconf 86' lang='lat' dir='ltr'>decernunt,</span> <span class='ocrx_word' id='word_1_60' title='bbox 797 1269 952 1344; x_wconf 82' lang='lat' dir='ltr'>sepultura</span> <span class='ocrx_word' id='word_1_61' title='bbox 959 1269 1039 1345; x_wconf 86' lang='lat' dir='ltr'>&#39;quo-</span> <span class='ocrx_word' id='word_1_62' title='bbox 1095 1315 1096 1350; x_wconf 30' lang='lat' dir='ltr'>q</span> 
     </span>
     <span class='ocr_line' id='line_1_12' title="bbox 300 1345 1043 1430; baseline 0 -19"><span class='ocrx_word' id='word_1_63' title='bbox 300 1413 304 1420; x_wconf 72' lang='grc'><strong>,</strong></span> <span class='ocrx_word' id='word_1_64' title='bbox 344 1370 402 1430; x_wconf 87' lang='lat' dir='ltr'>que</span> <span class='ocrx_word' id='word_1_65' title='bbox 424 1347 616 1428; x_wconf 85' lang='lat' dir='ltr'>prohibituri,</span> <span class='ocrx_word' id='word_1_66' title='bbox 637 1346 668 1406; x_wconf 91' lang='lat' dir='ltr'>ni</span> <span class='ocrx_word' id='word_1_67' title='bbox 687 1366 738 1406; x_wconf 82' lang='lat' dir='ltr'>rex</span> <span class='ocrx_word' id='word_1_68' title='bbox 759 1345 875 1406; x_wconf 82' lang='lat' dir='ltr'>humari</span> <span class='ocrx_word' id='word_1_69' title='bbox 901 1347 1043 1425; x_wconf 75' lang='lat' dir='ltr'>jussisset.</span> 
     </span>
     <span class='ocr_line' id='line_1_13' title="bbox 345 1425 1038 1511; baseline -0.004 -20"><span class='ocrx_word' id='word_1_70' title='bbox 345 1431 438 1511; x_wconf 77' lang='lat' dir='ltr'>Igitur</span> <span class='ocrx_word' id='word_1_71' title='bbox 446 1429 547 1490; x_wconf 79' lang='lat' dir='ltr'>decem</span> <span class='ocrx_word' id='word_1_72' title='bbox 556 1428 653 1488; x_wconf 80' lang='lat' dir='ltr'>diebus</span> <span class='ocrx_word' id='word_1_73' title='bbox 662 1425 789 1486; x_wconf 83' lang='lat' dir='ltr'>maxime</span> <span class='ocrx_word' id='word_1_74' title='bbox 800 1426 837 1486; x_wconf 89' lang='lat' dir='ltr'>ad</span> <span class='ocrx_word' id='word_1_75' title='bbox 847 1427 1038 1488; x_wconf 87' lang='lat' dir='ltr'>confirman-</span> 
     </span>
     <span class='ocr_line' id='line_1_14' title="bbox 344 1505 1037 1588; baseline -0.003 -18"><span class='ocrx_word' id='word_1_76' title='bbox 344 1511 417 1570; x_wconf 84' lang='lat' dir='ltr'>dum</span> <span class='ocrx_word' id='word_1_77' title='bbox 429 1508 568 1588; x_wconf 86' lang='lat' dir='ltr'>pudorem</span> <span class='ocrx_word' id='word_1_78' title='bbox 579 1507 653 1584; x_wconf 88' lang='lat' dir='ltr'>apud</span> <span class='ocrx_word' id='word_1_79' title='bbox 665 1505 837 1568; x_wconf 81' lang='lat' dir='ltr'><strong>Maracanda</strong></span> <span class='ocrx_word' id='word_1_80' title='bbox 848 1508 1015 1568; x_wconf 76' lang='lat' dir='ltr'>consumtis</span> <span class='ocrx_word' id='word_1_81' title='bbox 1026 1527 1037 1578; x_wconf 92' lang='lat'>;</span> 
     </span>
     <span class='ocr_line' id='line_1_15' title="bbox 343 1584 1036 1666; baseline -0.009 -14"><span class='ocrx_word' id='word_1_82' title='bbox 343 1610 416 1664; x_wconf 68' lang='lat' dir='ltr'>eum</span> <span class='ocrx_word' id='word_1_83' title='bbox 434 1607 513 1666; x_wconf 84' lang='lat' dir='ltr'>parre</span> <span class='ocrx_word' id='word_1_84' title='bbox 524 1588 663 1650; x_wconf 85' lang='lat' dir='ltr'>exercitus</span> <span class='ocrx_word' id='word_1_85' title='bbox 674 1584 918 1663; x_wconf 80' lang='lat' dir='ltr'>Hephaesrionem</span> <span class='ocrx_word' id='word_1_86' title='bbox 937 1587 971 1648; x_wconf 89' lang='lat' dir='ltr'>itt</span> <span class='ocrx_word' id='word_1_87' title='bbox 990 1606 1036 1646; x_wconf 86' lang='lat' dir='ltr'>re-</span> 
     </span>
     <span class='ocr_line' id='line_1_16' title="bbox 369 1665 1037 1734; baseline -0.006 -6"><span class='ocrx_word' id='word_1_88' title='bbox 369 1670 467 1728; x_wconf 86' lang='lat' dir='ltr'>&#39;onem</span> <span class='ocrx_word' id='word_1_89' title='bbox 481 1667 661 1728; x_wconf 81' lang='lat' dir='ltr'>Bactrianam</span> <span class='ocrx_word' id='word_1_90' title='bbox 679 1665 776 1734; x_wconf 86' lang='lat' dir='ltr'>misit,</span> <span class='ocrx_word' id='word_1_91' title='bbox 802 1685 993 1728; x_wconf 83' lang='lat' dir='ltr'>commeatus</span> <span class='ocrx_word' id='word_1_92' title='bbox 1009 1665 1037 1724; x_wconf 90' lang='lat' dir='ltr'>in</span> 
     </span>
     <span class='ocr_line' id='line_1_17' title="bbox 345 1690 1037 1824; baseline -0.006 -16"><span class='ocrx_word' id='word_1_93' title='bbox 345 1690 475 1808; x_wconf 61' lang='lat' dir='ltr'>ffiemem</span> <span class='ocrx_word' id='word_1_94' title='bbox 499 1762 676 1824; x_wconf 81' lang='lat' dir='ltr'>paranrrum.</span> <span class='ocrx_word' id='word_1_95' title='bbox 701 1743 802 1824; x_wconf 90' lang='lat' dir='ltr'>Quam</span> <span class='ocrx_word' id='word_1_96' title='bbox 827 1744 928 1810; x_wconf 73' lang='lat' dir='ltr'>Clito,</span> <span class='ocrx_word' id='word_1_97' title='bbox 941 1763 1037 1808; x_wconf 85' lang='lat' dir='ltr'>autem</span> 
     </span>
     <span class='ocr_line' id='line_1_18' title="bbox 344 1823 1034 1902; baseline -0.004 -15"><span class='ocrx_word' id='word_1_98' title='bbox 344 1826 536 1888; x_wconf 81' lang='lat' dir='ltr'>destinaverat</span> <span class='ocrx_word' id='word_1_99' title='bbox 551 1823 732 1902; x_wconf 84' lang='lat' dir='ltr'>provinciam</span> <span class='ocrx_word' id='word_1_100' title='bbox 748 1865 759 1893; x_wconf 88' lang='lat'><em>,</em></span> <span class='ocrx_word' id='word_1_101' title='bbox 779 1825 922 1902; x_wconf 74' lang='lat' dir='ltr'>Amyntae</span> <span class='ocrx_word' id='word_1_102' title='bbox 941 1825 1034 1887; x_wconf 78' lang='lat' dir='ltr'>dedita</span> 
     </span>
     <span class='ocr_line' id='line_1_19' title="bbox 272 1903 1036 1986; baseline -0.007 -17"><span class='ocrx_word' id='word_1_103' title='bbox 272 1921 282 1932; x_wconf 90' lang='grc'><em>·</em></span> <span class='ocrx_word' id='word_1_104' title='bbox 348 1907 409 1986; x_wconf 84' lang='lat' dir='ltr'>ipse</span> <span class='ocrx_word' id='word_1_105' title='bbox 419 1905 555 1984; x_wconf 84' lang='lat' dir='ltr'>Xenippa</span> <span class='ocrx_word' id='word_1_106' title='bbox 564 1905 706 1982; x_wconf 86' lang='lat' dir='ltr'>pervenit.</span> <span class='ocrx_word' id='word_1_107' title='bbox 720 1903 841 1981; x_wconf 83' lang='lat' dir='ltr'>Scythiae</span> <span class='ocrx_word' id='word_1_108' title='bbox 852 1905 984 1966; x_wconf 82' lang='lat' dir='ltr'>confinis</span> <span class='ocrx_word' id='word_1_109' title='bbox 994 1920 1036 1966; x_wconf 80' lang='lat' dir='ltr'>est</span> 
     </span>
     <span class='ocr_line' id='line_1_20' title="bbox 347 1984 1033 2068; baseline -0.006 -21"><span class='ocrx_word' id='word_1_110' title='bbox 347 1988 448 2068; x_wconf 79' lang='lat' dir='ltr'>regio,</span> <span class='ocrx_word' id='word_1_111' title='bbox 463 1986 661 2062; x_wconf 80' lang='lat' dir='ltr'>habitaturque</span> <span class='ocrx_word' id='word_1_112' title='bbox 676 1984 801 2060; x_wconf 84' lang='lat' dir='ltr'>pluribus</span> <span class='ocrx_word' id='word_1_113' title='bbox 818 2004 853 2046; x_wconf 88' lang='lat' dir='ltr'>ac</span> <span class='ocrx_word' id='word_1_114' title='bbox 869 1985 1033 2064; x_wconf 85' lang='lat' dir='ltr'>frequenti·</span> 
     </span>
     <span class='ocr_line' id='line_1_21' title="bbox 348 2065 1034 2146; baseline 0 -20"><span class='ocrx_word' id='word_1_115' title='bbox 348 2069 400 2126; x_wconf 79' lang='lat' dir='ltr'>bus</span> <span class='ocrx_word' id='word_1_116' title='bbox 410 2065 500 2136; x_wconf 81' lang='lat' dir='ltr'>vicis,</span> <span class='ocrx_word' id='word_1_117' title='bbox 517 2065 584 2144; x_wconf 88' lang='lat' dir='ltr'>quia</span> <span class='ocrx_word' id='word_1_118' title='bbox 593 2066 705 2126; x_wconf 84' lang='lat' dir='ltr'>ubertas</span> <span class='ocrx_word' id='word_1_119' title='bbox 714 2080 794 2126; x_wconf 83' lang='lat' dir='ltr'>terrae</span> <span class='ocrx_word' id='word_1_120' title='bbox 805 2084 868 2124; x_wconf 91' lang='lat' dir='ltr'>non</span> <span class='ocrx_word' id='word_1_121' title='bbox 881 2065 1034 2146; x_wconf 75' lang='lat' dir='ltr'>indigenae</span> 
     </span>
     <span class='ocr_line' id='line_1_22' title="bbox 345 2143 1034 2218; baseline 0 -14"><span class='ocrx_word' id='word_1_122' title='bbox 345 2144 438 2204; x_wconf 86' lang='lat' dir='ltr'>modo</span> <span class='ocrx_word' id='word_1_123' title='bbox 456 2145 581 2218; x_wconf 78' lang='lat' dir='ltr'>detinet3</span> <span class='ocrx_word' id='word_1_124' title='bbox 599 2143 748 2206; x_wconf 82' lang='lat' dir='ltr'>sedetiam</span> <span class='ocrx_word' id='word_1_125' title='bbox 769 2145 895 2206; x_wconf 80' lang='lat' dir='ltr'>advenas</span> <span class='ocrx_word' id='word_1_126' title='bbox 918 2146 1034 2208; x_wconf 87' lang='lat' dir='ltr'>invitat.</span> 
     </span>
     <span class='ocr_line' id='line_1_23' title="bbox 346 2221 1034 2302; baseline 0 -18"><span class='ocrx_word' id='word_1_127' title='bbox 346 2223 564 2285; x_wconf 81' lang='lat' dir='ltr'>Bactrianorum</span> <span class='ocrx_word' id='word_1_128' title='bbox 580 2224 723 2292; x_wconf 77' lang='lat' dir='ltr'>exulum,</span> <span class='ocrx_word' id='word_1_129' title='bbox 743 2223 792 2302; x_wconf 88' lang='lat' dir='ltr'>qui</span> <span class='ocrx_word' id='word_1_130' title='bbox 809 2226 846 2284; x_wconf 89' lang='lat' dir='ltr'>ab</span> <span class='ocrx_word' id='word_1_131' title='bbox 863 2221 1034 2287; x_wconf 77' lang='lat' dir='ltr'>Alexandro</span> 
     </span>
    </p>
   </div>
   <div class='ocr_carea' id='block_1_3' title="bbox 347 2301 1035 2442">
    <p class='ocr_par' dir='ltr' id='par_1_3' title="bbox 347 2301 1035 2442">
     <span class='ocr_line' id='line_1_24' title="bbox 347 2301 1035 2442; baseline 0.004 -79"><span class='ocrx_word' id='word_1_132' title='bbox 347 2301 528 2373; x_wconf 83' lang='lat' dir='ltr'>defecerant,</span> <span class='ocrx_word' id='word_1_133' title='bbox 542 2303 756 2442; x_wconf 61' lang='lat' dir='ltr'>receXtaculum</span> <span class='ocrx_word' id='word_1_134' title='bbox 767 2304 869 2366; x_wconf 83' lang='lat' dir='ltr'>fuerat.</span> <span class='ocrx_word' id='word_1_135' title='bbox 886 2304 944 2366; x_wconf 87' lang='lat' dir='ltr'>Sed</span> <span class='ocrx_word' id='word_1_136' title='bbox 956 2323 1035 2384; x_wconf 82' lang='lat' dir='ltr'>post-</span> 
     </span>
    </p>
   </div>
   <div class='ocr_carea' id='block_1_4' title="bbox 340 2383 1032 2943">
    <p class='ocr_par' dir='ltr' id='par_1_4' title="bbox 340 2383 1032 2943">
     <span class='ocr_line' id='line_1_25' title="bbox 345 2383 1031 2464; baseline 0.003 -20"><span class='ocrx_word' id='word_1_137' title='bbox 345 2403 437 2462; x_wconf 86' lang='lat' dir='ltr'>quam</span> <span class='ocrx_word' id='word_1_138' title='bbox 453 2383 567 2464; x_wconf 78' lang='lat' dir='ltr'>Regem</span> <span class='ocrx_word' id='word_1_139' title='bbox 583 2405 601 2444; x_wconf 92' lang='lat' dir='ltr'>a</span> <span class='ocrx_word' id='word_1_140' title='bbox 622 2399 736 2444; x_wconf 85' lang='lat' dir='ltr'>ventare</span> <span class='ocrx_word' id='word_1_141' title='bbox 755 2399 941 2460; x_wconf 86' lang='lat' dir='ltr'>compertum</span> <span class='ocrx_word' id='word_1_142' title='bbox 962 2403 1031 2458; x_wconf 75' lang='lat' dir='ltr'>ert3</span> 
     </span>
     <span class='ocr_line' id='line_1_26' title="bbox 340 2462 1029 2542; baseline 0.004 -19"><span class='ocrx_word' id='word_1_143' title='bbox 340 2463 424 2542; x_wconf 62' lang='lat' dir='ltr'>pulsi</span> <span class='ocrx_word' id='word_1_144' title='bbox 439 2465 475 2523; x_wconf 89' lang='lat' dir='ltr'>ab</span> <span class='ocrx_word' id='word_1_145' title='bbox 496 2463 602 2525; x_wconf 70' lang='lat' dir='ltr'>‘aureolis</span> <span class='ocrx_word' id='word_1_146' title='bbox 618 2481 651 2522; x_wconf 86' lang='lat' dir='ltr'>rr</span> <span class='ocrx_word' id='word_1_147' title='bbox 669 2462 769 2524; x_wconf 76' lang='lat' dir='ltr'>millia</span> <span class='ocrx_word' id='word_1_148' title='bbox 785 2463 845 2523; x_wconf 79' lang='lat' dir='ltr'>fere</span> <span class='ocrx_word' id='word_1_149' title='bbox 868 2483 899 2524; x_wconf 89' lang='lat' dir='ltr'>et</span> <span class='ocrx_word' id='word_1_150' title='bbox 914 2465 1029 2526; x_wconf 86' lang='lat' dir='ltr'>ducenti</span> 
     </span>
     <span class='ocr_line' id='line_1_27' title="bbox 347 2533 1030 2624; baseline 0.004 -21"><span class='ocrx_word' id='word_1_151' title='bbox 347 2561 573 2624; x_wconf 83' lang='lat' dir='ltr'>congregantur.</span> <span class='ocrx_word' id='word_1_152' title='bbox 580 2541 695 2604; x_wconf 84' lang='lat' dir='ltr'>Omnes</span> <span class='ocrx_word' id='word_1_153' title='bbox 706 2533 813 2620; x_wconf 86' lang='lat' dir='ltr'>equites</span> <span class='ocrx_word' id='word_1_154' title='bbox 824 2561 927 2614; x_wconf 86' lang='lat' dir='ltr'>etant,</span> <span class='ocrx_word' id='word_1_155' title='bbox 941 2544 1030 2606; x_wconf 85' lang='lat' dir='ltr'>eriam</span> 
     </span>
     <span class='ocr_line' id='line_1_28' title="bbox 348 2621 1032 2699; baseline 0.006 -16"><span class='ocrx_word' id='word_1_156' title='bbox 348 2621 382 2683; x_wconf 84' lang='lat' dir='ltr'>in</span> <span class='ocrx_word' id='word_1_157' title='bbox 395 2642 467 2699; x_wconf 84' lang='lat' dir='ltr'>pace</span> <span class='ocrx_word' id='word_1_158' title='bbox 476 2621 633 2684; x_wconf 78' lang='lat' dir='ltr'>latrociniis</span> <span class='ocrx_word' id='word_1_159' title='bbox 642 2621 754 2686; x_wconf 84' lang='lat' dir='ltr'>assueri.</span> <span class='ocrx_word' id='word_1_160' title='bbox 771 2621 851 2682; x_wconf 85' lang='lat' dir='ltr'>Tum</span> <span class='ocrx_word' id='word_1_161' title='bbox 861 2623 976 2684; x_wconf 86' lang='lat' dir='ltr'>ferocia</span> <span class='ocrx_word' id='word_1_162' title='bbox 989 2625 1032 2688; x_wconf 84' lang='lat' dir='ltr'>itt·</span> 
     </span>
     <span class='ocr_line' id='line_1_29' title="bbox 342 2700 1029 2781; baseline 0.006 -21"><span class='ocrx_word' id='word_1_163' title='bbox 342 2703 434 2781; x_wconf 77' lang='lat' dir='ltr'>·genia</span> <span class='ocrx_word' id='word_1_164' title='bbox 448 2721 509 2763; x_wconf 87' lang='lat' dir='ltr'>non</span> <span class='ocrx_word' id='word_1_165' title='bbox 519 2702 627 2763; x_wconf 87' lang='lat' dir='ltr'>bellum</span> <span class='ocrx_word' id='word_1_166' title='bbox 643 2700 752 2773; x_wconf 68' lang='lat' dir='ltr'>moder</span> <span class='ocrx_word' id='word_1_167' title='bbox 771 2701 818 2764; x_wconf 86' lang='lat' dir='ltr'>sed</span> <span class='ocrx_word' id='word_1_168' title='bbox 838 2703 927 2766; x_wconf 80' lang='lat' dir='ltr'>eriam</span> <span class='ocrx_word' id='word_1_169' title='bbox 938 2705 1029 2766; x_wconf 84' lang='lat' dir='ltr'>veoiae</span> 
     </span>
     <span class='ocr_line' id='line_1_30' title="bbox 352 2779 1030 2862; baseline 0.007 -24"><span class='ocrx_word' id='word_1_170' title='bbox 352 2779 512 2857; x_wconf 79' lang='lat' dir='ltr'>desperatio</span> <span class='ocrx_word' id='word_1_171' title='bbox 521 2780 696 2844; x_wconf 82' lang='lat' dir='ltr'>efferaverat.</span> <span class='ocrx_word' id='word_1_172' title='bbox 712 2782 811 2859; x_wconf 84' lang='lat' dir='ltr'>Itaque</span> <span class='ocrx_word' id='word_1_173' title='bbox 825 2783 1030 2862; x_wconf 77' lang='lat' dir='ltr'>eximprovito</span> 
     </span>
     <span class='ocr_line' id='line_1_31' title="bbox 345 2857 1029 2943; baseline -0.003 -17"><span class='ocrx_word' id='word_1_174' title='bbox 345 2857 613 2943; x_wconf 65' lang='lat' dir='ltr'>adortiAmytmm</span> <span class='ocrx_word' id='word_1_175' title='bbox 622 2878 774 2942; x_wconf 81' lang='lat' dir='ltr'>praetorem</span> <span class='ocrx_word' id='word_1_176' title='bbox 783 2861 969 2932; x_wconf 77' lang='lat' dir='ltr'>Alexandri,</span> <span class='ocrx_word' id='word_1_177' title='bbox 986 2863 1029 2924; x_wconf 90' lang='lat' dir='ltr'>diu</span> 
     </span>
    </p>
   </div>
   <div class='ocr_carea' id='block_1_5' title="bbox 934 2982 1034 3044">
    <p class='ocr_par' dir='ltr' id='par_1_5' title="bbox 934 2982 1034 3044">
     <span class='ocr_line' id='line_1_32' title="bbox 934 2982 1034 3044; baseline 0 -18"><span class='ocrx_word' id='word_1_178' title='bbox 934 2982 1034 3044; x_wconf 82' lang='lat' dir='ltr'>ancept</span> 
     </span>
    </p>
   </div>
   <div class='ocr_carea' id='block_1_6' title="bbox 0 0 1180 3967">
    <p class='ocr_par' dir='ltr' id='par_1_6' title="bbox 0 0 1180 3967">
     <span class='ocr_line' id='line_1_33' title="bbox 0 0 1180 3967; baseline 0 0"><span class='ocrx_word' id='word_1_179' title='bbox 0 0 1180 3967; x_wconf 95' lang='lat' dir='ltr'> </span> 
     </span>
    </p>
   </div>
  </div>
 </body>
</html>
